2662 4906
11 3160 15 3193 l

11 3570 17 3589 t

26 3674 29 3683 ,
76 3628 149 3669 men
171 3626 210 3669 eo
228 3605 357 3667 nonita
375 3625 451 3667 usus
469 3614 528 3680 est,
544 3614 599 3679 ut,
623 3622 706 3688 quae
719 3599 797 3666 inde
814 3602 854 3667 de

543 118 642 185 urst.

486 466 490 473 ,
531 312 673 449 Nisi.

140 530 250 599 Latini
268 528 493 595 conditionem
510 530 697 617 significant
711 529 879 599 vocabulis
900 530 932 596 ai
946 540 979 597 et
993 532 1027 597 si
1043 554 1115 599 uon

55 622 91 679 et
114 616 195 681 nisi.
246 616 484 682 conditionem
515 628 622 681 autem
655 640 727 685 eam
752 638 907 683 roeamus
937 618 1114 702 rationem,

56 720 124 784 qua
142 702 265 789 aliquid
282 702 457 789 cogitando
479 704 657 788 ponimus,
686 705 777 791 quod
802 702 858 768 ubi
881 712 948 779 eet,
972 700 1114 771 alterum

59 786 110 849 rel
129 798 180 851 est
196 788 246 853 rel
261 810 331 853 esse
347 797 457 875 potest
473 787 524 852 rel
549 787 657 854 debet.
707 788 828 863 Dillert
843 789 942 877 igitur
956 788 1114 867 conditio.

59 892 128 954 qua
145 871 267 959 aliquid
284 874 503 961 consequitur,
527 896 545 937 a
564 896 678 938 caussa
694 896 828 952 rerum,
858 894 942 971 quae
958 872 1113 941 effectum

61 954 182 1023 hebet:
207 958 298 1023 illem
314 980 353 1024 eo
377 958 509 1024 itatione
525 960 753 1045 concipimus,
774 958 855 1023 haee
870 982 906 1024 ru
920 980 1033 1025 rerum
1051 981 1115 1025 ua·

58 1051 136 1106 tura
155 1055 300 1129 apparet.
343 982 407 1109 ded
426 1065 530 1130 quum
553 1044 587 1107 iu
602 1054 744 1130 utroque
760 1044 892 1122 uacaret,
907 1065 975 1129 quo
991 1044 1115 1133 aliquid

60 1126 253 1203 elliceretur,
277 1128 371 1195 sueile
395 1128 465 1195 lieri
484 1138 622 1217 poterat,
643 1139 680 1193 ut
693 1130 900 1217 grammatici
919 1141 1041 1195 veteres
1056 1130 1116 1195 har

60 1213 308 1279 coniunctiones
316 1216 349 1279 si
362 1225 395 1279 et
404 1214 475 1279 nisi
483 1214 688 1301 appellarent
702 1214 874 1279 eaussales.
901 1216 1044 1293 Quando
1053 1237 1117 1281 ne-

81 1299 147 1361 atio
158 1300 354 1375 aeeeditaut
365 1299 554 1365 restollitur
565 1322 624 1387 per
637 1300 832 1365 conditionis
847 1302 1032 1382 notionem,
1047 1321 1115 1387 quo

59 1318 97 1445 dt
107 1383 254 1461 niei‚aut
269 1408 319 1449 ree
331 1406 391 1483 per
399 1386 605 1472 negationem
615 1386 740 1451 sublata
749 1387 782 1451 in
791 1385 1018 1450 conditionem
1027 1386 1115 1451 reei·

57 1469 164 1555 pitur‚
173 1468 260 1532 unde
269 1468 343 1533 litat
352 1492 439 1533 noer:
452 1470 728 1557 quodutrumque
738 1470 864 1535 etiamsi
873 1469 1115 1536 ineademseu·

58 1555 167 1617 tentia
184 1553 312 1618 admitti
332 1564 449 1641 potest,
466 1564 578 1619 tamen
586 1558 716 1641 utrique
728 1556 824 1621 etiam
836 1566 947 1620 menet
960 1556 1116 1644 proprie-

52 1648 111 1729 ·tas
134 1637 309 1722 quaedam.
338 1642 450 1719 Quare
465 1640 500 1703 in
514 1639 696 1707 differentia
707 1641 846 1705 istorum
864 1642 1043 1706 verborum
1055 1641 1116 1707 de-

64 1723 221 1788 elarauda
259 1723 399 1789 multam
440 1746 583 1811 operam·
617 1734 868 1790 consumserunt
898 1726 1115 1813 grammatici.

64 1806 190 1873 Omnes
202 1808 435 1873 intellexeruut
451 1810 587 1896 quidem
603 1810 637 1875 in
652 1810 723 1875 nisi
734 1810 940 1897 negationem
953 1810 1073 1877 attrahi
1083 1820 1117 1875 et

63 1914 140 1958 euru
156 1895 393 1958 coniunctione
408 1895 579 1982 eopulari,
604 1894 768 1960 insinere
794 1916 865 1962 eam
890 1895 1053 1983 pertinere
1075 1896 1118 1961 ad

65 1978 203 2043 verbum
219 1977 330 2044 autad
346 1978 437 2043 aliud
454 2002 578 2045 nomen
597 1980 775 2066 singulare.
825 1983 932 2065 Atque
948 1982 1118 2067 utriusque

64 2064 219 2129 dictionis
240 2064 385 2128 similem
412 2085 484 2129 esee
507 2066 673 2130 rationem
696 2075 767 2129 tum
785 2086 842 2130 eae
856 2064 989 2151 liuguae
1005 2076 1119 2131 orten-

64 2149 163 2229 dunt,
185 2150 218 2213 in
236 2148 356 2235 quibus
370 2168 438 2213 une
455 2160 585 2215 tantum
612 2149 742 2216 dieeudi
765 2148 876 2215 forma
898 2160 1022 2227 exstat,
1043 2162 1118 2217 tum

64 2235 246 2301 multitudo
263 2256 376 2301 earum
392 2238 648 2316 sententiarum,
672 2256 756 2322 quae
782 2247 925 2321 utroque
941 2236 1044 2300 ruodo
1061 2235 1117 2301 la-

65 2322 134 2387 tine
155 2320 300 2409 exprimi
317 2330 468 2408 possunt.
511 2320 596 2387 Nam
623 2342 683 2409 per
703 2319 774 2385 nisi
794 2330 932 2407 negatur
955 2319 1001 2401 id,
1023 2320 1116 2407 quod

65 2406 268 2473 conditionis
292 2402 430 2472 nornine
455 2406 646 2481 intercedit,
669 2403 777 2494 persi
796 2428 864 2471 nou
879 2405 1017 2497 ponitur
1031 2428 1116 2471 eon-

65 2492 162 2566 ditio,
178 2514 262 2579 quae
279 2492 488 2580 negationem
504 2494 536 2558 in
553 2515 589 2559 re
604 2491 718 2557 habeta
734 2500 911 2578 utrumque
925 2511 1004 2559 vero
1018 2512 1117 2580 saepo

66 2579 107 2643 ad
126 2578 215 2643 idem
236 2578 333 2655 redit,
361 2578 428 2642 sire
445 2578 669 2643 conditionem
685 2586 810 2650 totam,
839 2580 906 2644 aire
921 2578 1118 2659 primariam

68 2666 137 2731 eiua
151 2674 277 2751 purtem
293 2663 444 2749 negando
461 2663 569 2729 tollas.
600 2664 698 2751 Atqui
712 2663 855 2748 regulae,
870 2660 988 2748 quibus
1003 2684 1118 2747 gram-

66 2752 178 2816 matiei
204 2770 302 2814 usum
328 2747 417 2813 rerbi
439 2750 526 2828 nisi,
558 2751 703 2837 exeeptis
727 2748 786 2829 iis,
817 2750 853 2811 in
869 2746 989 2834 quibus
1004 2748 1119 2813 sinen

67 2836 149 2924 poni
168 2834 296 2915 delient,
318 2834 535 2911 constituunt,
559 2835 771 2910 rennuunt,
792 2833 850 2898 sed
865 2830 1049 2897 admodum
1064 2832 1120 2897 iu-

67 2931 187 2999 uentae,
207 2944 268 2985 nee
291 2922 336 2985 ita
361 2922 551 3007 expositae,
581 2930 618 2985 ut
642 2940 707 3007 qua
730 2920 922 2983 necessitate
946 2916 1120 2982 adstrictus

69 3005 169 3072 fuerit
197 3027 273 3071 usus
296 3015 465 3093 appareat.
520 3006 752 3071 Disserueruut
770 3014 901 3092 praeter
925 3002 1121 3091 grammati·

69 3114 185 3157 eorum
204 3092 367 3158 librorum
381 3102 532 3155 auctores
549 3090 591 3154 de
607 3090 670 3156 hoe
686 3110 747 3155 utu
762 3089 946 3176 Herzogius
963 3090 999 3153 in
1014 3087 1121 3153 Com·

69 3188 176 3243 ment.
199 3176 240 3240 de
262 3176 338 3239 loco
356 3176 462 3243 Tacit.
480 3180 557 3263 llgr.
573 3182 604 3241 2.
622 3197 657 3263 p.
673 3176 726 3241 24.
754 3173 968 3242 Gernhardus
985 3174 1018 3238 in
1034 3173 1119 3260 Epi-

70 3262 157 3327 stola
174 3261 215 3325 ad
230 3254 429 3346 Herzogiurri
448 3285 480 3350 p.
504 3269 554 3327 11.
571 3258 725 3349 peculiari
739 3259 852 3328 libello
868 3258 957 3325 Frid.
974 3258 1120 3325 Loeselr-

71 3349 148 3414 lrius
177 3348 211 3411 in
262 3367 442 3432 regramm.
465 3346 618 3413 scholast
648 3344 1032 3425 Budissae1839edito,
1063 3344 1121 3434 qui

74 3433 208 3521 quidem
232 3368 380 3519 diligenti
402 3453 479 3497 eure
501 3430 643 3497 universi
668 3449 748 3495 usus
768 3431 919 3520 exemplu
936 3431 1069 3518 collegit
1086 3439 1121 3494 et

74 3520 184 3619 ipsum
203 3518 308 3582 totius
324 3518 523 3605 quaestionis
538 3516 738 3605 principium
755 3527 848 3581 aeute
856 3517 1048 3667 perspexit,
1068 3524 1123 3580 ta-

880 3603 1002 3667 ueenda
1018 3611 1122 3681 erant,

12 3746 35 3779 a·
78 3692 149 3754 satis
166 3690 369 3776 explanaret.
409 3689 535 3753 Eodem
553 3711 641 3753 anuo
659 3688 837 3775 Hernogius
852 3687 952 3754 edidit
966 3689 1122 3752 disserte-

12 3826 27 3867 Ξ
81 3778 202 3840 tionem
218 3774 261 3839 de
275 3774 452 3861 singulari
473 3772 727 3859 particularum
750 3776 839 3839 uisi
860 3786 892 3839 et
916 3775 961 3839 ni
982 3766 1124 3869 signise-

13 4204 45 4694 l

12 3916 30 3938 .„
83 3863 210 3926 cutione
233 3873 265 3925 et
287 3862 519 3946 proprietate.-
542 3880 606 3946 qua
626 3860 675 3923 rir
698 3858 918 3939 doctissimus,
935 3869 1057 3947 quauta
1071 3878 1124 3921 ru-

83 3949 164 4063 penii
185 3946 363 4012 subtilitate
387 3945 522 4033 polleat,
546 3946 731 4013 luculenter
753 3946 908 4013 ostendit.
960 3996 964 4009 .

264 4074 280 4107 ι
