2662 4906
245 272 312 349 Ul
493 336 500 345 ,
612 284 615 289 ·
708 264 817 339 uon.

246 436 526 527 loqueretar..-1d
548 434 640 525 qnod
668 436 867 525 cogitatione
890 433 1097 515 interlicitnr,
1123 434 1154 499 si
1177 451 1288 499 rursus

248 526 415 600 excludis,
445 524 706 589 enuntiationem
734 522 920 609 simplicem
948 518 1084 587 habebis
1114 518 1287 585 ullirmati·

249 635 336 689 vam.
385 612 454 677 Cic.
482 608 521 675 ad
552 608 643 675 Fam.
676 610 709 689 5,
739 612 771 679 8,
805 612 837 672 t.
859 629 935 671 sum
954 608 1047 671 enim
1067 617 1286 691 consequutus

251 698 339 783 [non
356 697 457 761 modo
478 706 512 759 ut
536 695 655 757 domus
676 704 731 758 tua
752 703 831 773 teta,
853 694 927 777 sed]
949 704 985 756 ut
1015 701 1143 757 cuncta
1167 692 1284 756 ciuitas

248 806 303 849 sne
325 780 389 847 titt
410 780 654 847 ornicissinutm
674 802 745 845 esse
764 788 991 866 cognosceret.
1014 778 1285 843 Sinuessanum

248 866 447 935 uocabulum
469 862 570 929 modo
592 864 734 943 omittis,
756 887 792 931 ea
817 865 942 928 exsistit
963 862 1084 941 lorma,
1114 882 1184 951 qua
1214 860 1282 927 duas

249 976 302 1021 res
324 952 452 1041 opponi
475 951 637 1015 diximus:
664 971 740 1014 sum
767 947 858 1014 enim
885 958 1125 1037 consequutus,
1159 970 1229 1013 non
1250 962 1281 1013 ut

249 1039 369 1103 domus
396 1049 457 1101 tua
489 1046 584 1109 totu,
617 1034 679 1099 sed
710 1047 749 1101 ut
775 1046 898 1099 ciincto
917 1035 1039 1101 ciuitas
1058 1046 1281 1121 cognosceret.

249 1128 355 1209 Atque
382 1122 416 1186 in
447 1120 498 1185 his
527 1120 633 1186 oratio
666 1132 722 1186 aut
748 1120 915 1203 descendit
943 1119 983 1185 ad
1012 1142 1086 1185 rem
1110 1120 1282 1200 minorem,

249 1209 338 1287 uelut
360 1206 446 1297 apud
471 1205 538 1270 Cic.
582 1250 593 1269 .
615 1206 706 1271 Sext.
728 1212 780 1282 20,
798 1206 851 1271 45.
873 1206 1025 1271 iecissem
1047 1206 1126 1293 ipse
1152 1228 1207 1271 me
1220 1227 1282 1291 po-

249 1294 318 1359 tius
350 1294 389 1359 in
410 1226 647 1391 projunditm,
677 1302 714 1357 ut
745 1303 872 1356 ceteros
898 1310 1151 1369 conservarem,
1183 1312 1283 1378 priam

248 1380 327 1449 illos
349 1402 417 1441 mes
441 1388 517 1443 tom
539 1376 681 1462 cupidos
702 1400 771 1441 non
789 1375 892 1441 modo
913 1376 963 1442 od
983 1388 1118 1441 certam
1135 1387 1283 1453 mortem,

248 1465 312 1531 sed
334 1464 372 1528 in
392 1483 560 1549 magnum
581 1462 672 1527 uitae
696 1460 881 1527 discrimen
904 1460 1127 1527 addicerem.
1152 1472 1205 1525 aut
1223 1462 1281 1525 ad·

249 1549 387 1617 scendit.
409 1548 477 1612 Cic.
497 1548 591 1612 Brut.
613 1552 667 1627 91,
682 1552 757 1613 516.
780 1548 833 1612 ito
850 1548 966 1635 recepi
979 1570 1034 1614 me
1059 1544 1196 1611 biennio
1218 1570 1282 1611 non

250 1634 354 1702 niodo
381 1632 610 1711 exercitatior,
638 1632 701 1697 sed
720 1654 832 1719 prope
854 1644 1017 1698 euitatus.
1058 1630 1219 1697 Tertium
1239 1633 1283 1697 ‹li-
1320 1662 1323 1672 ·

251 1719 348 1787 cendi
371 1740 474 1807 genus
494 1717 561 1781 hoc
583 1728 643 1796 est,
665 1739 732 1804 quo
763 1739 947 1799 monemus,
971 1740 1014 1783 ne
1040 1718 1117 1805 quis
1146 1718 1283 1803 aliquam

250 1828 322 1873 rem
345 1816 436 1893 putet
457 1826 527 1869 esse
546 1802 616 1867 sine
638 1803 749 1881 altera,
773 1826 856 1891 quae
879 1804 928 1869 vel
947 1802 1048 1869 simul
1077 1804 1124 1868 sit
1156 1803 1208 1871 vel
1234 1826 1283 1869 ao-
1321 1848 1323 1889 ÷

252 1892 354 1959 cedat.
376 1890 414 1955 ld
431 1888 569 1955 dicimus
577 1911 652 1975 non·
659 1888 765 1953 niodo
778 1888 1026 1969 -sedetiam,
1048 1888 1114 1954 sed
1130 1901 1177 1955 et.
1203 1888 1283 1955 Duae

249 1998 302 2043 res
321 1977 410 2042 enim
424 1984 501 2039 sunt
515 1974 703 2061 cogitandae
717 1974 832 2039 simul:
854 1974 989 2041 alteram
1007 1984 1142 2062 praeter
1153 1974 1284 2041 alteram

250 2064 375 2127 adesse.
432 2062 548 2141 Quum
584 2082 663 2123 vero
691 2060 727 2125 in
755 2060 890 2125 diversis
919 2061 1016 2125 rebus
1051 2060 1284 2149 coniungendis

250 2149 374 2223 etiam,
397 2155 430 2210 et
453 2167 550 2232 saepe
572 2144 717 2209 iudicent
737 2146 785 2209 rei
808 2146 1038 2232 praesentiam,
1051 2146 1099 2229 id,
1121 2146 1215 2233 quod
1234 2170 1283 2211 ac·

252 2233 349 2310 cedit,
379 2253 450 2295 esse
479 2240 587 2319 potest
622 2230 674 2295 vel
696 2230 854 2317 dignitate
881 2242 913 2297 at
940 2252 980 2294 ne
1011 2232 1042 2296 vi
1077 2238 1207 2311 maius,
1241 2234 1283 2297 vel

252 2318 398 2383 exilitate
420 2324 453 2379 et
476 2314 638 2403 paucitate
664 2319 890 2402 conspicuum.
916 2254 1017 2382 ‘illud
1035 2315 1180 2383 dicimus
1210 2342 1283 2381 eon·

251 2404 337 2469 dem
362 2422 479 2488 sogor,
509 2400 575 2465 hoa
602 2412 712 2466 eutem
738 2401 888 2467 sondern
907 2404 1022 2467 seton.
1074 2402 1165 2471 Vide·
1189 2402 1283 2469 Tam.

252 2494 286 2553 2.
314 2510 348 2573 p.
376 2490 451 2551 556.
481 2484 548 2551 cte.
574 2485 674 2551 Tuse.
706 2493 735 2565 1,
765 2492 819 2564 at,
844 2490 898 2553 89.
929 2490 1058 2577 quoties
1086 2512 1159 2555 non
1189 2490 1283 2555 niodo

252 2572 409 2639 uictores
431 2572 559 2649 nostri,
580 2571 641 2636 sed
661 2572 809 2637 riniuersi
833 2574 939 2637 etiam
964 2574 1132 2639 exercitus
1153 2574 1208 2641 acl
1225 2598 1282 2639 non

251 2658 394 2723 drinium
409 2669 552 2721 mortem
572 2655 839 2723 conctarrernnt?
879 2660 973 2739 Quae
997 2670 1031 2723 ut
1054 2680 1135 2725 snae
1155 2672 1282 2725 senten·

252 2744 318 2809 tiae
341 2742 616 2821 accommodaret,
635 2743 805 2807 Putschius
826 2743 865 2807 ad
889 2746 1197 2831 interpretationem
1222 2770 1283 2810 non

253 2851 365 2898 veram
393 2827 555 2915 confugit,
592 2829 684 2914 quasi
707 2828 857 2894 ductores
882 2830 1082 2918 intelligendi
1106 2831 1161 2896 alii
1182 2843 1285 2899 essent

252 2916 394 2983 aliorum
411 2917 633 2992 exercituum,
655 2936 754 3000 quam
772 2916 827 3000 qui
847 2916 988 2983 universi
1013 2918 1219 2983 concurrisse
1238 2918 1285 2981 ti-

252 3013 382 3066 ountur.
426 2999 514 3081 Quid
539 3002 625 3064 enim
653 3002 706 3076 sit,
726 3000 815 3085 qnod
831 3002 891 3079 ait,
923 3012 1030 3067 totum
1055 3002 1193 3090 aliquod
1215 3003 1285 3068 addi

254 3086 294 3151 ad
321 3096 450 3172 partem
480 3086 560 3149 alius
588 3086 821 3161 uniuersitatis,
852 3087 1003 3173 equidem
1028 3108 1097 3151 non
1122 3113 1193 3153 asse
1219 3112 1286 3155 nor.

253 3174 296 3236 At
328 3171 471 3256 simplex
497 3179 545 3234 est
565 3172 660 3234 ratio.
710 3172 957 3238 Concurrcrunt
985 3172 1023 3237 ad
1053 3196 1123 3237 non
1155 3112 1286 3240 tilleium

252 3266 400 3321 mortem
430 3276 500 3318 non
530 3256 633 3319 modo
663 3257 719 3320 tini
750 3257 920 3336 ductores,
954 3259 988 3322 in
1019 3259 1139 3343 quibus
1163 3261 1198 3325 id
1220 3284 1286 3326 non

251 3341 443 3407 mirensium
476 3350 565 3418 erat,
593 3340 771 3405 sedetiam
797 3364 876 3406 eum
906 3344 1097 3411 ductoribus
1125 3348 1196 3410 suis
1219 3349 1286 3412 uni-

254 3427 339 3492 versi
363 3426 537 3490 exercitus.
570 3426 685 3513 Neque
700 3438 847 3493 mutatur
869 3450 989 3505 caussa,
1013 3444 1199 3517 necpotest
1213 3454 1286 3495 mu-

252 3512 316 3577 tari
337 3511 371 3576 in
393 3510 550 3597 negativis
580 3514 759 3577 sententiis.
801 3514 868 3578 Cic.
890 3516 923 3579 in
939 3515 1049 3579 Vatia.
1077 3521 1108 3596 1,
1131 3523 1165 3583 3.
1191 3540 1288 3607 possm

253 3595 449 3685 affirmares
471 3596 603 3661 nullum
626 3596 691 3663 titt
716 3600 852 3663 omnino
879 3623 955 3664 cum
978 3600 1193 3667 Albinovano
1214 3626 1288 3667 ser-

252 3705 388 3748 monem
402 3704 470 3745 non
484 3682 584 3746 modo
601 3680 644 3748 de
663 3684 777 3749 Sextio
793 3685 998 3761 accusando,
1019 3686 1081 3752 sed
1095 3688 1195 3753 nrilto
1213 3712 1289 3753 strn-

253 3789 357 3856 quom
379 3766 423 3831 de
443 3764 619 3854 rescisse.
663 3769 766 3849 Quod
789 3771 823 3833 in
849 3773 1017 3837 sententiis
1049 3796 1110 3859 per
1132 3798 1204 3839 usin
1216 3798 1289 3839 mo-

253 3854 357 3919 do-
377 3851 438 3917 sed
460 3853 624 3939 expressis
647 3878 744 3941 saepe
769 3854 872 3920 altera
894 3878 945 3921 res
969 3858 1078 3922 maior
1101 3870 1131 3921 et
1160 3862 1290 3945 grauior

254 3949 322 4019 est,
345 3937 378 4003 id
413 3960 482 4001 non
512 3938 651 4004 efficitur
679 3963 740 4027 per
767 3942 959 4025 particulas,
992 3942 1047 4008 sed
1072 3946 1223 4030 positum
1245 3958 1291 4011 cst

254 4026 289 4091 in
312 4023 574 4097 enuntiationum
589 4034 715 4094 natura.
750 4027 930 4113 Singularis
948 4050 1000 4093 res
1015 4032 1203 4181 opponitur
1218 4034 1291 4097 uni-

255 4132 387 4197 versae,
406 4108 511 4181 letior
535 4110 697 4199 gratiori,
727 4112 796 4183 sire
818 4114 876 4183 illa
903 4114 1010 4204 priori
1055 4136 1119 4185 oco
1143 4120 1290 4208 ponitur,
