2662 4906
230 287 276 350 so
585 279 646 346 us
669 224 712 331 -ζ
733 276 915 362 ovrosu.
947 374 948 378 p

236 453 306 517 Cic.
329 449 424 516 Cutil.
442 455 474 523 2,
495 450 527 514 4.
553 451 753 515 Goerenzius
776 449 816 513 ad
840 448 909 513 Cic.
933 445 1083 525 Aradi,
1105 451 1158 529 17,
1181 448 1236 514 62.
1255 460 1289 512 et

236 538 277 604 ed
294 543 326 613 2,
342 541 394 614 44,
416 539 485 600 186.
507 536 624 622 aliique
640 537 869 600 existimarunt
884 556 927 598 nc
949 529 1132 619 significare
1155 535 1288 620 saepius

235 625 324 690 idem
345 621 435 707 quod
462 644 504 685 nc
526 660 570 671 -
592 622 746 709 quidem.-
770 631 875 690 certe,
898 617 956 682 ubi
983 619 1156 704 praecedat
1179 643 1224 684 uc
1245 656 1287 670 -

236 705 390 797 quidem,
424 718 512 771 recte
542 708 651 771 omitti
681 707 820 770 alterum
846 703 981 790 quidem
1001 703 1034 767 in
1060 704 1162 769 altera
1194 715 1288 797 purte

238 795 426 859 sententiae.
469 795 508 855 st
529 791 562 856 F.
579 795 616 855 Α.
645 789 785 853 Wollius
809 790 938 876 negarit
962 809 1059 852 usum
1085 791 1287 868 universum,

240 877 449 966 Spaldiugius
473 876 512 939 ad
542 876 681 956 Quintil.
708 885 744 949 1,
769 877 809 946 5.
832 882 882 939 86.
915 874 1128 938 Gcrnhurdus
1151 873 1192 940 ad
1217 876 1286 940 Cic.
1317 882 1321 889 '

237 964 352 1028 Parsd.
379 985 411 1046 p.
427 965 499 1024 319.
522 983 597 1025 cum
617 959 889 1025 Drakenborchio
914 970 947 1024 ct
968 958 1038 1024 aliis
1055 959 1170 1025 multis
1189 959 1287 1025 dubi·

239 1058 408 1112 taverunt:
432 1045 568 1130 plurimi
586 1070 654 1111 non
679 1047 835 1111 distinctis
857 1043 1018 1132 exemplis
1036 1046 1179 1111 incertis.
1223 1044 1300 1110 Ba-'

238 1133 376 1198 ncckius
395 1130 434 1193 cd
450 1129 562 1196 lustin.
579 1137 631 1211 88,
651 1137 683 1196 7.
705 1156 747 1196 ne
763 1153 822 1219 per
843 1153 878 1195 se
899 1129 1080 1217 significare
1095 1131 1192 1196 ciclis
1213 1131 1286 1196 ciu-

238 1217 330 1291 mcl‚
356 1216 497 1302 addique
519 1216 655 1304 quidem
676 1217 715 1281 ad
740 1215 921 1304 augendam
945 1215 1088 1302 aliquam
1112 1217 1288 1282 notionem

239 1325 307 1368 non
325 1304 438 1388 inepte
460 1302 582 1369 docuit.
627 1302 689 1366 Sed
712 1304 775 1366 ism
795 1301 1016 1382 Quintilianus
1033 1307 1061 1376 1,
1078 1305 1110 1371 5.
1127 1307 1182 1368 38.
1203 1304 1289 1369 inter

239 1384 456 1454 soloecismos
472 1389 557 1452 mala
576 1388 774 1451 detractione
789 1385 893 1450 factos
911 1384 1015 1450 refert
1036 1386 1133 1451 verba
1158 1411 1204 1452 nc
1227 1387 1290 1451 lsoc

230 1471 322 1562 jecit
339 1471 586 1557 intelligerem
608 1474 671 1536 boc
695 1473 841 1560 quidem.
882 1472 986 1549 Num,
1006 1472 1098 1557 quod
1120 1472 1287 1537 nonnullis
1330 1503 1331 1506 ¹

140 1640 143 1645 ν
239 1558 474 1644 interpretibus
494 1559 526 1623 in
544 1568 687 1623 mentem
707 1559 812 1637 venit,
832 1580 874 1620 ne
895 1580 957 1656 pro
979 1580 1068 1621 unsre
1090 1559 1194 1646 accipi
1220 1578 1288 1623 non

240 1654 364 1731 potest.
406 1642 486 1706 lndc
504 1666 580 1708 vero
597 1653 687 1728 patet
705 1641 825 1722 fuisse,
847 1665 904 1728 qus
929 1645 973 1707 ita
988 1643 1083 1706 *male
1107 1642 1288 1731 loqueren-

242 1741 315 1810 tur,
338 1729 404 1792 sive
427 1729 621 1815 negligentia
648 1729 715 1791 sive
736 1728 979 1792 consuetudinis
1001 1728 1137 1792 inscitia.
1194 1728 1289 1816 Apud

170 1852 186 1879 l
243 1815 437 1879 Ciceronem
463 1816 520 1878 vix
540 1814 626 1878 ullus
653 1815 889 1889 exsistimus,
920 1815 1044 1899 inquo
1078 1836 1147 1877 non
1179 1816 1289 1879 verior

242 1900 305 1962 scri
334 1910 406 1962 turn
432 1900 583 1963 codicum
615 1901 807 1963 auctoritate
831 1898 1029 1962 restituenda
1051 1899 1111 1971 sit.
1142 1909 1291 1964 autnon

241 1922 442 2070 intelligatur
465 1986 548 2051 iusta
572 2006 682 2048 caussa
706 1995 738 2048 et
763 1984 857 2048 ratio.
911 1983 1072 2070 Exempla
1096 2006 1173 2048 noa·
1191 1984 1290 2051 dubis

242 2079 315 2137 ante
331 2070 497 2134 saeculum
513 2070 693 2133 secundum
720 2080 794 2155 post
814 2068 980 2132 Christum
1002 2079 1114 2132 nstssm
1136 2090 1206 2134 non
1231 2093 1289 2158 up·
1326 2110 1330 2119 ·

241 2165 370 2256 parent.
414 2157 521 2226 Poetis
541 2165 651 2221 tamen
667 2176 798 2241 semper
812 2155 903 2220 licuit
916 2177 984 2230 non
1001 2153 1120 2227 uslderc
1136 2155 1289 2221 euidens:

240 2262 348 2306 immo
365 2241 529 2305 rarissima
546 2250 623 2302 sunt
643 2240 730 2324 apud
748 2263 803 2304 cos
820 2239 971 2325 exempla
997 2238 1112 2325 plenae
1150 2239 1290 2306 ictionis.

242 2327 361 2389 Omnis
376 2326 386 2388 i
412 2326 476 2388 itur
492 2327 575 2390 ratio
593 2324 677 2390 redit
703 2325 743 2393 ad
760 2347 856 2395 usum
872 2324 1030 2422 loquendi
1048 2324 1290 2413 posterioribus

242 2348 450 2497 temporibus
467 2418 642 2486 mutatum,

354 2598 386 2651 ln
404 2599 529 2668 plurimis
553 2600 620 2655 locis
636 2600 743 2654 codices
762 2601 846 2655 etism
862 2602 965 2654 babent
983 2617 1044 2665 uec,
1063 2597 1140 2653 culus
1159 2608 1292 2670 'compen-

310 2683 386 2735 dium
405 2703 438 2736 uc
456 2686 500 2738 vix
516 2686 644 2756 distingui
661 2693 763 2756 potest:
790 2686 823 2738 de
845 2703 900 2753 qna
922 2685 1134 2738 commutatione
1157 2684 1179 2737 ii
1199 2683 1292 2737 critici

311 2767 452 2834 dixerunt,
487 2789 552 2839 quos
573 2771 695 2825 nominat
724 2771 888 2825 Arutzenius
914 2770 949 2822 ud
973 2770 1053 2847 Bion.
1074 2771 1170 2823 Coton.
1196 2769 1225 2834 1,
1247 2767 1291 2821 35.

203 2882 205 2887 ·
311 2852 369 2906 cte.
385 2854 467 2906 Tusc.
484 2855 509 2917 1,
524 2856 568 2920 29,
583 2855 625 2909 tl.
646 2874 693 2908 nec
708 2856 822 2908 distrahi
837 2862 933 2922 potest,
951 2872 998 2906 nec
1017 2856 1125 2907 interire
1138 2855 1233 2924 igitur.
1263 2852 1290 2905 in

312 2937 393 2991 Catil.
410 2939 436 3003 2,
453 2938 478 3002 4,
493 2936 519 2991 8.
535 2941 580 2993 scd
594 2959 639 2994 ncc
652 2941 705 2997 ullo
718 2941 745 2990 in
761 2940 858 3008 angulo
874 2939 950 2991 totius
965 2939 1061 2991 Italiae
1083 2944 1134 2991 etc.
1170 2937 1232 2992 Isis.
1247 2937 1292 3002 sl,

309 3023 354 3086 22,
367 3021 392 3073 i.
411 3023 524 3089 Quintil.
541 3024 567 3087 1,
584 3023 683 3089 12,1s.
708 3021 733 3086 6,
750 3023 776 3086 1,
792 3021 835 3074 di.
868 3024 957 3090 Atque
974 3023 1013 3075 itu
1026 3024 1054 3075 ln
1070 3022 1163 3076 multis
1186 3022 1292 3093 legitur

310 3124 366 3157 nec.
400 3107 431 3158 ln
455 3107 516 3160 aliis
538 3108 605 3161 locis
629 3107 737 3160 librarii
760 3106 909 3165 omiserunt
931 3109 1050 3175 quidem,
1074 3124 1125 3159 nec
1148 3107 1292 3160 credamus

308 3191 482 3253 Rssbnlienio,
502 3192 548 3260 qul
565 3191 672 3258 saepius
688 3192 853 3248 inculcatam
869 3209 929 3242 esso
945 3191 1012 3244 dicit
1027 3193 1099 3244 hanc
1117 3191 1293 3258 particulam.

313 3275 372 3327 cte.
388 3274 421 3326 de
440 3276 501 3327 Fiu.
516 3277 542 3339 l,
557 3277 600 3340 11,
615 3275 659 3328 69.
676 3278 722 3328 boc
737 3295 769 3328 ne
784 3284 900 3328 statuum
917 3277 1042 3344 [quidese]
1065 3277 1192 3329 dicturam
1215 3284 1292 3345 putes·

312 3360 406 3414 aiebat.
441 3359 565 3424 1,6,19.
590 3359 639 3411 ubl
659 3377 729 3412 unus
743 3360 869 3413 Davisius
893 3360 977 3412 libros
1001 3359 1122 3426 sequitur
1138 3365 1292 3429 corruptos.

310 3443 337 3508 2,
359 3443 402 3508 2¹1,
424 3441 468 3494 65.
493 3444 540 3496 ubl
565 3444 713 3501 Goerenail
731 3444 873 3497 audacium
896 3461 976 3497 nemo
996 3444 1130 3511 probabit.
1157 3444 1186 3497 in
1206 3446 1291 3498 Tunc.

220 3596 224 3603 Ι
309 3527 335 3590 1,
352 3526 394 3590 26,
410 3525 454 3578 65.
471 3535 534 3581 ante
552 3530 693 3598 quidquam
709 3529 841 3582 excidisse
855 3531 955 3597 quidem
969 3537 1121 3583 monstrant
1140 3530 1193 3582 dno
1216 3529 1292 3582 codi-

311 3628 373 3674 ces,
395 3628 461 3678 quos
482 3612 606 3664 Klotsius
626 3613 756 3683 sequitur.
800 3612 943 3674 Garatonii
959 3613 1114 3681 opinionem
1134 3614 1163 3666 in
1185 3612 1244 3667 cte.
1263 3631 1291 3682 p,

308 3695 369 3746 Mil.
382 3693 409 3746 2.
426 3694 480 3747 ium
496 3697 630 3750 refutarit
643 3695 772 3755 Orellius‚
806 3697 937 3750 ltieliorcs
957 3697 1022 3749 libri
1047 3699 1156 3766 plenam
1173 3697 1291 3750 lormsrn

310 3780 471 3833 confirmant
489 3780 616 3835 inAcad.
632 3781 716 3846 211,
734 3781 777 3833 52.
805 3799 839 3834 nc
862 3783 986 3835 vinolenti
1007 3784 1135 3851 [quidem]
1160 3800 1226 3851 quse
1241 3785 1292 3849 fc-

310 3865 381 3916 ciunt
403 3872 455 3919 etc.
483 3874 511 3921 ct
535 3867 606 3936 apud
629 3869 707 3920 Caes.
730 3867 802 3919 Bell.
824 3867 891 3935 gall.
913 3866 939 3931 7,
958 3863 984 3917 8.
1012 3864 1038 3930 8,
1060 3866 1104 3920 ss.
1128 3874 1156 3919 ct
1172 3865 1200 3918 ln
1216 3865 1291 3918 nuit

309 3955 414 4015 septem
430 3949 511 4014 locis,
530 3968 596 4019 quos
610 3951 732 4003 nominut
746 3951 883 4005 Dmlsenb.
897 3952 932 4006 ad
944 3949 989 4015 44,
1004 3949 1048 4017 sd,
1063 3951 1090 4006 8.
1124 3951 1192 4005 Vide
1208 3949 1291 4011 etism

164 4094 170 4111 Ι
279 4089 281 4093 ,
310 4033 420 4090 sueton.
437 4034 565 4103 1111965.
586 4034 700 4105 Quintil.
716 4033 784 4100 21,
800 4034 843 4088 26.
869 4035 975 4102 1,c,t.
