2662 4906
145 283 189 344 82
591 302 594 307 ’
641 276 710 343 NE.

146 446 333 513 uuiversum
359 444 568 511 senteutiam.
621 445 716 527 Quae
739 465 888 510 narrasse
920 442 997 506 satis
1022 453 1089 507 est:
1122 465 1201 508 nam

147 543 308 621 quantum
326 531 408 597 haec
428 532 542 596 omnia
565 531 616 596 rel
643 557 661 595 a
684 531 819 596 veritate
843 529 1061 600 abhorreant,
1086 531 1137 594 vel
1157 530 1201 594 ad

147 621 219 685 eam
237 618 411 696 accedant,
434 617 524 682 brevi
543 618 588 682 rei
601 618 811 717 expositione
835 615 1018 703 apparebit.

230 702 284 771 Ne
304 704 405 793 igitur
418 724 487 768 uon
503 712 553 767 est
571 704 603 769 in
623 703 675 768 lus
690 703 890 769 dictionibus
913 701 1122 778 coniunctio,
1144 698 1201 762 sed

148 791 322 878 antiquum
356 788 567 866 adverbium,
608 788 697 877 quod
728 791 845 853 maiori
873 809 949 851 cum
980 789 1009 849 ui
1043 808 1106 875 pro
1132 807 1202 847 non

148 875 279 941 dicitur.
331 877 477 940 Primum
506 875 596 938 enim
622 885 843 962 nusquamne
877 896 919 937 ne
952 882 1131 959 usurpatur
1161 871 1202 933 de

147 961 308 1039 consilio,
341 959 398 1026 sed
423 960 463 1024 de
488 959 610 1025 effectu
633 963 701 1026 sive
730 962 773 1025 de
800 983 836 1023 re
860 958 1048 1023 efficienda:
1081 958 1201 1021 deiude

146 1069 345 1135 semperne
374 1045 532 1111 adhaeret.
554 1049 611 1125 uni
637 1046 731 1111 alicui
754 1043 914 1109 vocabulo
943 1045 1118 1130 negatione
1142 1041 1200 1105 de-

145 1133 325 1218 signando.
351 1143 449 1219 atque
468 1132 550 1196 adeo
571 1142 609 1196 ut
634 1130 754 1197 necubi
770 1131 905 1197 dieitur:
931 1139 1000 1194 tuna
1022 1130 1083 1196 alia
1112 1150 1201 1215 quo-

145 1239 210 1304 quc
227 1217 383 1283 vocabula
400 1219 433 1282 in
452 1216 603 1283 eumdem
628 1216 767 1282 rhodum
785 1217 1032 1293 consociantur,
1056 1227 1092 1279 ut
1137 1236 1201 1277 uo-

146 1302 248 1368 modo
264 1327 326 1368 ae.-
349 1303 491 1389 denique
507 1325 583 1368 usus
605 1302 657 1367 hic
671 1325 711 1367 eo
730 1305 833 1388 magis
848 1301 1010 1382 exolevit,
1035 1323 1103 1389 quo
1116 1238 1201 1365 lon-

144 1389 216 1476 gius
234 1390 417 1489 scriptores
433 1389 472 1452 eb
490 1389 720 1474 antiquissimo
743 1383 873 1454 dicendi
895 1409 1015 1474 genere
1042 1389 1201 1453 discesse-

144 1485 235 1538 runt.
280 1473 363 1538 ham
388 1472 508 1539 comici
530 1472 722 1560 frequenter
748 1475 792 1539 ita
817 1474 946 1561 loquuti
972 1484 1071 1554 suut,
1102 1493 1202 1558 saepe

44 1584 115 1683 >pp
145 1560 241 1624 etiarn
262 1560 396 1623 Cicero:
419 1559 475 1623 sed
492 1563 625 1645 Caesar,
650 1559 848 1637 utaide'tur,
871 1578 1064 1647 numquam,
1090 1558 1201 1621 Livius

144 1647 212 1709 sire
231 1645 343 1730 paucis
360 1645 395 1709 in
407 1644 504 1723 loeis,
528 1640 600 1710 sire
613 1667 793 1732 nusquam:
818 1645 876 1710 sed
895 1645 1068 1710 Cornelius
1089 1643 1200 1729 Nepos

145 1740 178 1794 ct
195 1729 371 1794 Suetonius
397 1732 430 1794 iu
460 1754 523 1795 una
546 1741 673 1795 tantum
692 1731 850 1801 lormu'la,
874 1752 1054 1816 numquam
1074 1728 1200 1802 Celsus,

40 1842 46 1857 .
143 1836 205 1879 nec
227 1816 380 1892 Curtius,
411 1837 470 1880 uec
494 1817 649 1895 Tacitus,
692 1840 754 1882 nec
782 1818 924 1894 seneca,
963 1838 1022 1878 uec
1048 1813 1199 1878 Valerius

143 1900 322 1966 Maximus.
376 1899 445 1965 lam
473 1924 551 1967 vero
581 1902 816 1986 exponendum
850 1911 917 1969 est.
948 1901 1082 1986 quando
1111 1901 1199 1964 auti-

143 1987 275 2072 quiores
291 1987 472 2072 scriptores
497 1986 539 2052 ita
565 1987 598 2051 lo
624 1985 692 2051 uuti
716 1985 851 2051 luerint.
895 1984 930 2049 Id
957 1987 1043 2049 enirn
1071 1984 1198 2049 laetum

143 2082 192 2137 cst
216 2071 335 2158 triplici
353 2074 493 2137 ratione.
541 2080 569 2152 l)
623 2094 723 2218 e'lm
743 2094 812 2135 ποπ
828 2070 1030 2158 ponebatur,
1058 2071 1113 2135 ubi
1139 2092 1200 2135 ne-

80 2161 84 2181 '
143 2159 330 2245 galienum
355 2159 512 2236 nomine,
534 2157 586 2220 cui
612 2155 811 2233 odiebatur,
842 2160 873 2219 in
899 2176 996 2219 unam
1021 2157 1198 2221 notionem

143 2243 260 2307 coibat.
302 2241 349 2305 Ita
366 2264 408 2306 ne
427 2243 521 2328 quie,
544 2264 587 2307 ue
610 2242 686 2328 qui.
709 2266 751 2306 ue
768 2240 905 2328 quando
923 2253 954 2305 et
971 2242 1051 2306 aliae
1069 2242 1200 2308 formae

142 2329 295 2393 relativae
320 2326 617 2410 componebantur.
671 2327 776 2400 Simili
806 2327 905 2390 modo
932 2328 1095 2392 alternant
1129 2330 1201 2393 uti·

147 2436 231 2479 nam
245 2435 314 2477 noir
335 2425 369 2475 et
384 2412 520 2476 tatinum
535 2435 577 2477 πε
597 2412 680 2500 quid
692 2416 778 2500 apud
796 2413 863 2476 Cic.
883 2413 922 2476 ad
941 2417 1007 2478 Au.
1025 2422 1073 2491 11,
1090 2419 1123 2479 9.

169 2547 174 2557 ·
256 2532 360 2595 Recte,
382 2539 413 2584 ιιι
428 2529 497 2584 mihi
512 2531 640 2596 videtur,
660 2534 740 2585 [ιιι.
756 2534 836 2586 Valla
850 2535 976 2603 Elegant.
995 2533 1021 2597 3,
1038 2533 1081 2587 21.
1099 2552 1202 2599 „moro

210 2612 351 2666 Ciceronis
367 2623 396 2667 ut
412 2632 446 2666 nc
461 2631 512 2682 pro
534 2624 563 2669 ut
586 2621 671 2668 nan.“
706 2618 782 2670 ldem
799 2618 965 2672 Thamusius
987 2620 1021 2671 nd
1044 2618 1201 2672 'l'ursellin

209 2706 237 2751 st
251 2694 367 2751 Liaecer
384 2699 417 2752 de
433 2700 655 2756 Emerui-‘straet
680 2703 705 2754 1.
724 2721 749 2772 p.
763 2703 806 2756 ttl.

35 1701 83 1729 ΒΝ

253 2801 440 2856 Phaethon.
459 2801 484 2864 ⁵,
496 2803 526 2867 l,
542 2803 583 2856 te.
601 2813 717 2875 pergunt
731 2808 834 2858 turture
851 2824 945 2875 arque,
963 2813 991 2858 ut
1008 2807 1118 2874 nequid
1136 2825 1202 2876 pos·

206 2881 240 2935 a‘r
255 2886 436 2954 conquriercere.
462 2888 575 2941 Terent.
589 2888 638 2939 At.
654 2886 680 2952 4,
696 2889 722 2952 4,
738 2890 779 2942 18.
790 2894 854 2959 fieri
865 2895 942 2961 potis,
960 2900 989 2944 ut
1003 2910 1033 2943 ne
1048 2908 1101 2959 quu
1117 2902 1201 2946 erent.

205 2967 276 3022 Hoc.
291 2966 318 3034 4,
334 2969 361 3034 2,
379 2970 421 3025 19.
439 2972 499 3027 cte.
511 2973 545 3025 de
563 2971 617 3026 Off.
633 2973 658 3037 1,
672 2973 758 3046 md.
783 2976 827 3026 sed
849 2978 963 3030 iustitiae
975 2978 1088 3045 primum
1104 2995 1202 3030 munus

117 3104 120 3108 1
211 3059 264 3115 nt,
282 3062 310 3106 ut
325 3072 357 3108 ae
377 3058 418 3109 cui
437 3058 493 3126 quie
506 3066 610 3121 noceat,
629 3059 679 3109 nisi
696 3060 827 3111 lucerniae
844 3061 953 3113 iniuria.
987 3061 1021 3113 du
1038 3061 1097 3112 lav.
1119 3059 1155 3124 2,
1171 3060 1201 3126 3,

132 3153 138 3163 ·
208 3134 251 3187 1⁰.
270 3135 304 3189 de
321 3138 377 3193 Oll'.
392 3139 418 3205 1,
437 3140 480 3204 29,
496 3140 557 3194 1⁰8.
583 3160 614 3195 er
629 3143 722 3209 quilius
736 3144 802 3196 illud
815 3145 986 3214 intelligitur,
1006 3175 1040 3186 —
1064 3149 1202 3214 appetitus

129 3248 138 3255 -
210 3237 298 3273 omnes
315 3227 503 3278 contrahendos
523 3228 696 3294 mundosque
713 3256 762 3291 -,
786 3237 814 3280 ut
832 3247 864 3280 ne
885 3232 946 3297 quid
967 3238 1060 3282 terruere
1082 3249 1116 3281 ac
1134 3235 1201 3297 sor-

206 3304 485 3362 tuituincensiderate
510 3311 723 3380 negligenterque
741 3330 863 3380 agamus.
896 3314 929 3365 ad
950 3315 1028 3366 Fam.
1046 3313 1089 3376 1⁰,
1107 3312 1151 3380 14,
1172 3313 1199 3370 4.

206 3387 235 3439 in
256 3390 330 3442 illum
347 3392 431 3461 igitur
452 3412 543 3446 eurum
564 3395 697 3458 incumbe,
716 3396 753 3446 mi
772 3396 877 3458 Plance,
898 3405 927 3449 ut
949 3417 982 3450 ne
1004 3418 1056 3466 qua
1077 3400 1200 3454 scintilla

205 3476 334 3527 teterrimi
357 3468 415 3528 belli
434 3478 604 3546 relinquatur.
640 3476 682 3542 16,
705 3479 731 3542 9,
756 3477 781 3532 5.
808 3481 832 3545 l,
854 3480 881 3543 4,
904 3481 930 3538 3.
952 3482 1129 3546 dentale,
1151 3482 1198 3537 6⁰.

207 3554 273 3608 illud
284 3559 372 3625 potius
387 3564 602 3630 praecipiendum
618 3565 687 3632 suit,
708 3571 736 3616 ut
754 3582 811 3617 eam
828 3568 991 3636 diligentiam
1010 3569 1199 3621 adhiberemus

207 3637 234 3688 in
249 3642 373 3694 amicitiis
387 3650 585 3715 comparandis,
610 3657 640 3701 ut
657 3667 688 3700 ne
706 3651 811 3717 qrmndo
828 3668 919 3702 amare
940 3651 1111 3721 inciperemus
1126 3671 1199 3720 eum,

119 3728 137 3755 ·'
209 3739 282 3789 quem
302 3728 534 3795 aliquandoodisse
547 3751 684 3801 possemus.
719 3733 830 3787 Suetus.
846 3734 909 3787 Tib.
925 3733 968 3787 89.
986 3744 1013 3788 ut
1029 3753 1126 3804 nequo
1143 3738 1200 3790 nisi

208 3806 263 3873 ipro
278 3811 369 3864 herede
383 3824 529 3868 moreretur.
564 3818 653 3887 salig.
669 3817 711 3871 41.
721 3821 819 3872 lurra
837 3819 869 3869 de
887 3820 952 3871 Rer.
968 3817 1029 3884 22,
1041 3819 1085 3871 19.
1105 3806 1199 3890 itaque

201 3895 310 3958 fuciunt
325 3895 412 3964 lupide
425 3906 521 3964 strata,
540 3910 568 3953 ut
583 3905 664 3967 urina
678 3906 771 3957 necubi
785 3907 813 3957 in
827 3906 926 3957 stabulo
942 3906 1073 3957 concinat.
1158 3947 1160 3950 ⁴

223 3993 287 4059 Sed
310 3997 406 4092 etiam
428 4001 532 4065 verbis
552 4002 740 4092 praefigitur
761 4030 821 4085 ne,
848 4028 991 4092 quorum
1012 4005 1107 4070 notio
1132 4019 1198 4074 n'e-

140 4079 245 4168 ganda
261 4089 380 4163 eslrta,
403 4097 437 4148 ut
458 4090 661 4154 eontrarium
677 4093 858 4177 cogitetur:
881 4093 913 4156 id
931 4093 1021 4179 quod
1039 4114 1080 4156 ex
1098 4115 1199 4160 more
