2662 4906
559 118 657 187 NlSI.
1057 120 1121 189 24⁵

10 349 36 389 ι,
51 286 126 367 sis.
167 288 232 355 Per
248 288 461 379 negationem
484 286 576 355 nibil
604 286 733 356 totlitur
750 286 934 369 diversitas,
961 300 1120 377 utquam

10 438 16 461 ι
51 378 220 444 eamdam
237 373 436 452 hebetum,
457 393 521 461 quo
567 383 619 439 ost
637 374 878 459 comparativus
901 376 1120 461 etposttunt

23 516 27 523 .
55 460 297 545 aequationem
317 458 449 523 indicet.
491 396 565 523 scd
580 459 621 523 de
643 460 781 539 Orot.2,
797 464 846 538 12,
863 462 1009 525 oneras
1024 462 1117 525 enim

12 602 25 631 -.
54 544 214 613 lsiatoriu
235 546 326 610 uilu't
347 542 457 619 uliud,
485 545 555 609 uisi
577 546 757 610 annuiium
788 542 967 634 conjectio
1008 542 1046 609 ln
1064 544 1117 615 his

56 626 188 699 dicitnr
211 629 350 695 historia
380 630 565 693 constitisse
596 630 666 695 sota
698 628 1115 709 annulium'confcotione,

57 714 136 781 siro
154 728 286 804 praeter
301 714 468 781 annalium
487 714 731 779 confectionem
747 715 832 780 nihil
854 712 965 781 fuisse.
1009 714 1114 795 'susa

10 854 21 881 s
58 808 91 877 1,
111 806 171 875 24,
187 806 240 867 58.
260 802 315 867 ila
327 798 416 865 nihii
430 798 530 863 aliud
545 810 595 865 est
611 800 741 864 discere
760 800 831 865 nisi
844 800 1034 866 reeordari.
1077 800 1115 865 Si

54 888 251 973 scripsisset
267 884 387 975 quum,
412 884 559 971 scquclia
582 884 738 948 dixisset:
768 907 857 949 uunc
878 887 1006 973 negarit
1027 884 1115 951 atiud

56 972 149 1057 quid
168 972 204 1037 in
229 970 386 1035 discendo
410 970 533 1034 inesse:
564 968 656 1055 quod
682 970 840 1034 Germani
863 970 975 1035 dicunt
1002 971 1114 1035 niclits

10 1070 27 1101 '-
55 1057 198 1135 woitcr‚
219 1056 302 1121 dios.
344 1054 412 1121 Nec
433 1065 542 1119 tamen
563 1054 676 1141 negari
699 1064 901 1141 potestesse
924 1056 1114 1129 sententias,

10 1165 20 1175 ·
57 1162 152 1227 quac
166 1150 343 1226 utrumque
363 1150 395 1205 et
409 1139 623 1228 comparandi
642 1148 675 1204 ct
691 1140 879 1225 excipiendi
900 1140 1038 1205 modum
1057 1141 1116 1204 cd-

10 1238 17 1251 '
42 1226 210 1293 mittant.
253 1226 322 1292 cte.
344 1222 386 1289 de
408 1226 494 1311 Lego
518 1224 606 1290 Μαι).
631 1230 685 1305 22,
714 1228 766 1290 64.
791 1222 936 1311 difficile
952 1236 1004 1289 est
1019 1224 1115 1289 dictu

10 1326 25 1359 Ι·
55 1310 100 1377 in
123 1311 211 1375 Asiu
226 1346 272 1361 -
291 1311 346 1375 itu
365 1311 495 1375 uersari
520 1320 673 1375 nostrum
695 1309 948 1395 imperatorem,
971 1321 1008 1372 ut
1024 1310 1115 1375 rrilrii

10 1406 42 1458 ³?
56 1394 167 1473 alfred
180 1416 285 1484 qttam
298 1394 343 1459 dc
355 1394 451 1460 hoste
465 1418 507 1457 uc
519 1392 564 1461 dc
586 1394 691 1459 iaudc
715 1395 854 1483 cogitet.
896 1394 989 1460 Vnus
1004 1394 1113 1459 codex

10 1509 28 1532 ‘-
53 1478 181 1547 arsura
202 1478 302 1545 habet
323 1476 402 1544 nisi.
416 1478 499 1543 lliud
520 1502 572 1543 res
595 1490 782 1565 comparate
798 1502 867 1543 nou
883 1479 1023 1545 alium
1038 1502 1113 1545 rem

78 1586 172 1629 uum
189 1563 350 1629 hiidem.-
376 1562 444 1627 hcc
466 1562 623 1647 signifieat
655 1586 742 1629 uun
764 1562 808 1628 ds
830 1564 907 1629 ulia
927 1586 983 1645 rs,
1001 1586 1111 1651 prue-

74 1670 117 1715 ιν
133 1651 225 1713 lianc
240 1670 366 1713 renam:
387 1647 470 1713 ittud
486 1648 670 1713 Beneckius
693 1658 798 1715 servet
823 1642 867 1711 ob
883 1654 1112 1718 auctoritatem

53 1734 273 1821 reliquorum
300 1732 470 1798 codicum:
502 1734 567 1797 boc
589 1744 757 1823 proestare
779 1732 952 1817 Kriigcrus
970 1732 1113 1802 affir‘rnut

54 1818 107 1883 ob
132 1828 313 1883 sententiae
330 1821 581 1903 proprietatem.
624 1820 810 1905 Vtrumque
836 1818 920 1882 benc
942 1840 977 1883 sc
993 1818 1109 1883 bubct:

53 1904 125 1969 scd
138 1904 167 1967 si
183 1914 320 1967 accentu
336 1913 466 1967 mututo
483 1902 592 1967 reddis
607 1904 753 1967 nielets
774 1902 921 1969 crederes
936 1904 1112 1981 aut-nields

54 1988 277 2065 anderes,
298 1986 365 2051 hoc
378 1984 565 2137 praeferes,
586 1987 676 2073 quod
703 1998 752 2051 est
769 1988 859 2051 uidit
878 1986 980 2053 aliud
991 2010 1113 2075 prtum.-

50 2074 116 2139 sin
133 2094 219 2151 ycro
243 2092 341 2136 usum
407 2072 548 2136 iceronis
572 2070 781 2151 consideras,
818 2074 875 2157 qui
901 2072 992 2137 aicit
1012 2072 1114 2137 uliud

53 2158 139 2225 nisi
148 2159 205 2223 uni
223 2156 321 2221 aerbo
336 2156 534 2243 subiungere
548 2155 643 2235 solet,
659 2182 677 2221 a
693 2156 835 2221 librariis
852 2156 981 2245 putabis
996 2180 1039 2223 cx
1053 2180 1112 2223 re·

56 2244 207 2311 coactori
220 2241 379 2307 scribendi
396 2264 488 2307 more
502 2242 630 2307 iitctum
647 2264 716 2307 csse
733 2262 847 2340 prtum.

151 2326 366 2395 Grammatici
390 2326 513 2415 duplex
532 2349 600 2391 esse
617 2326 743 2392 dicendi
761 2346 863 2413 genus
875 2336 1033 2403 statuunt,
1059 2326 1110 2390 al-

57 2422 188 2487 tentm.
207 2414 241 2479 in
262 2434 329 2501 quo
349 2412 445 2479 verbo
467 2411 557 2477 nituit
577 2411 676 2478 aliud
692 2412 828 2475 babeuut
844 2432 941 2475 surim
962 2413 1111 2489 verbum,

62 2499 221 2577 alterum,
241 2499 276 2563 in
298 2518 365 2587 quo
391 2496 528 2562 verbum
553 2498 711 2561 omissum
740 2498 800 2570 sit,
844 2497 944 2562 veluti
965 2498 998 2562 io
1022 2498 1133 2565 aurit.

58 2582 170 2651 uliud
185 2606 298 2671 qtruuz.
340 2583 480 2647 Sueten.
497 2584 641 2669 Augus.
664 2582 753 2647 nihil
765 2580 864 2646 uliud
878 2604 982 2669 quum
997 2594 1111 2647 vectu·

63 2666 171 2735 batur
192 2666 443 2733 etomduludut.
487 2666 640 2733 Tertium
658 2665 791 2753 quidam
809 2666 952 2745 eddom,
983 2669 1018 2731 in
1042 2689 1110 2748 qtto

63 2754 156 2819 idem
173 2753 307 2818 verbum
326 2752 366 2817 ad
383 2764 699 2841 utramquepartem
718 2752 928 2817 referendum
946 2750 998 2817 sit.
1041 2752 1111 2817 Cic.

63 2838 154 2905 Phit.
170 2844 202 2917 3,
216 2842 247 2916 5,
265 2844 317 2903 13.
339 2859 543 2927 qtearnquum
564 2861 620 2903 eos
648 2838 738 2903 nileil
751 2837 850 2903 uliud
863 2837 933 2901 ruisi
948 2834 991 2901 de
1000 2860 1111 2921 prue-

64 2922 165 2999 sidio¹
181 2922 367 2989 retulistis.-
407 2928 503 2997 etium
529 2926 775 2989 constructione
804 2920 952 3007 {inultum
976 2931 1111 2994 mutatu,

10 3020 15 3027 “
66 3010 154 3074 sieut
176 3008 210 3072 in
233 3008 291 3073 illo
315 3007 391 3071 loeo
415 3009 484 3073 Cic.
505 3030 539 3094 p.
556 3008 641 3095 Lege
656 3008 744 3073 utun.
760 3028 859 3094 quem
880 3006 984 3071 modo
1005 3006 1110 3071 attuli.

65 3094 153 3160 Hinc
172 3103 263 3156 ortoc
279 3103 357 3155 sunt
374 3093 638 3177 disceptationes,
660 3092 779 3177 quibus
807 3094 972 3181 ellipsium
997 3090 1112 3155 futatu-

10 3252 15 3261 ,
64 3202 119 3247 res
148 3178 283 3243 fortiter
305 3177 592 3267 impugnabantur.
641 3178 750 3243 Nemo
772 3188 884 3243 tomen
903 3178 1064 3242 rationem
1080 3186 1113 3239 et

10 3290 15 3339 j:
67 3264 239 3329 diversum
256 3282 353 3327 usum
369 3264 550 3327 accuratius
566 3262 733 3328 distinxit:
758 3284 835 3327 narn
850 3264 902 3329 etti
929 3266 992 3341 sin,
1013 3284 1114 3346 quum

10 3366 16 3441 ᾖ
66 3350 216 3437 logicum
236 3366 407 3428 vocamus,
432 3370 450 3411 o
469 3350 680 3431 grammatica
700 3348 854 3435 distingui
871 3286 990 3413 debere
1010 3370 1112 3411 nemo

10 3450 13 3463 '
65 3434 212 3522 negabit.
251 3434 357 3519 Atque
371 3434 404 3497 in
424 3432 579 3497 omnibus
595 3432 664 3497 istis
679 3432 877 3503 dictionibus
892 3436 1036 3517 cogitare
1049 3456 1113 3495 nos

68 3528 207 3621 oportet
231 3518 298 3582 duo
331 3518 450 3594 uerbo,
485 3528 519 3581 et
549 3538 651 3604 quum
679 3519 795 3585 cicero
825 3520 871 3583 uit
904 3520 992 3582 uidit
1014 3518 1113 3581 uliud

10 3648 14 3665 ,
68 3604 137 3673 assi
153 3602 198 3667 de
209 3602 388 3688 praesidio
404 3603 567 3668 retulistis
590 3602 801 3691 cogitandum
827 3612 874 3669 cst
897 3604 984 3668 nteit
1013 3602 1114 3667 ulirtd

68 3688 248 3763 retulistis,
275 3690 345 3754 nisi
365 3688 409 3753 dc
426 3688 609 3774 praesidio
635 3688 812 3755 retulistis.
861 3688 926 3753 Sed
944 3711 1114 3775 grammu-

71 3776 135 3840 ticu
161 3784 209 3838 est
234 3774 335 3845 ratio,
360 3796 423 3859 qun
439 3773 518 3837 hoec
533 3773 776 3839 contrahuntur
794 3785 826 3839 et
846 3775 886 3839 od
911 3796 1012 3838 unum
1036 3795 1114 3837 ver-

73 3862 158 3937 bum
173 3858 375 3933 referuntur,
398 3860 523 3923 omisso
546 3858 668 3925 atteror
699 3858 787 3925 undo
812 3860 954 3925 sormulu
977 3859 1115 3933 exsistit,

62 3966 166 4035 ,quus
179 3965 243 4036 pro
261 3944 416 4013 adverbio
435 3942 549 4013 heberi
571 3956 693 4035 potest,
721 3944 780 4013 sed
811 3948 859 4013 ud·
872 3944 1013 4032 logicum
1030 3964 1114 4009 uor-
