2662 4906
148 294 210 357 110
504 285 612 355 ura.
654 285 820 371 usovn.

150 490 152 495 ·
254 458 354 528 Virgil.
378 459 479 528 Georg.
492 458 518 524 1,
536 458 580 512 82.
604 460 642 513 eie
663 476 763 529 qaoque
777 458 884 512 mutatis
904 457 1067 527 requiescunt
1082 461 1196 528 foetibus

214 564 297 609 arsa,
314 562 359 597 me
371 546 443 597 nutta
462 545 557 598 interea
578 551 616 597 est
636 545 759 597 inaratae
779 546 873 616 gratia
892 548 989 597 terrae.
1007 544 1037 595 h.
1053 561 1079 597 e.
1095 544 1195 612 duplex

213 636 256 682 est
277 629 503 682 emolumentnme
522 629 693 697 requiescunt
709 629 783 681 enim
809 645 858 696 per
878 628 1057 681 mutationem
1080 628 1194 698 frugum

216 732 295 778 orvs,
315 719 342 767 et
358 714 562 783 gratinonae,
582 729 652 783 qnae
668 715 745 768 nulla
760 720 817 780 set,
838 714 864 766 si
879 729 931 767 non
949 721 1062 781 uretur,
1084 721 1129 769 est
1143 713 1194 768 ali·

212 817 276 869 qna.
309 799 352 852 lte
368 806 444 850 recte
463 797 580 851 Vossius.

230 925 281 986 19.
311 920 373 984 Sed
393 919 482 1006 quod
498 920 613 985 Graeci
632 921 762 1008 saepius
780 919 947 999 fecerunt,
968 918 1077 986 Latini
1095 917 1190 985 etiam

144 1005 294 1074 videntur
309 1007 474 1071 interdum
490 1004 533 1069 du
560 1007 654 1072 licem
671 1007 877 1094 negotionem
895 1029 1028 1092 pernes
1043 1007 1191 1094 posuisse

145 1094 185 1158 nd
211 1091 391 1156 suosndnm
415 1114 518 1179 nsgnu
546 1093 556 1156 i
580 1094 656 1157 vim.
699 1092 734 1156 ld
753 1114 855 1178 quum
879 1091 1045 1174 Donatus,
1065 1092 1188 1157 Nonius

144 1145 336 1251 Marceilus,
366 1178 548 1241 Priscianus
571 1179 792 1253 notavissent,
824 1178 925 1242 critici
947 1176 1025 1242 huic
1050 1179 1125 1242 usui
1150 1176 1189 1241 li-

144 1263 304 1327 bertatem
323 1261 537 1340 vindicarunt,
560 1285 642 1348 quse
658 1264 819 1327 veteribus
834 1264 914 1348 ipsis
930 1274 1000 1328 erat
1017 1265 1189 1351 incognito.

142 1349 227 1413 Vide
244 1369 326 1433 quas
338 1347 587 1435 disputaverunt
603 1351 738 1413 Vossius
752 1349 792 1412 de
803 1350 986 1413 Construct.
1003 1353 1054 1414 61.
1072 1351 1187 1436 psus.

73 1472 76 1478 .
142 1433 314 1500 Drakenb.
340 1433 379 1495 nd
404 1435 474 1500 Liv.
498 1436 668 1512 42,13,1.
710 1435 930 1521 Oudendorp.
954 1435 992 1498 ad
1018 1435 1142 1500 Luoun.
1162 1442 1188 1512 1,

143 1525 218 1585 642.
260 1517 386 1583 Duker.
413 1512 451 1581 nd
476 1517 561 1582 Flor.
584 1525 687 1599 3,17,
712 1524 742 1585 9.
784 1519 964 1585 Ruhnken.
985 1519 1024 1584 ad
1050 1520 1187 1586 Terent.

140 1605 245 1670 Andr.
264 1611 293 1685 1,
310 1609 342 1681 2,
357 1605 409 1668 8-1.
432 1603 581 1667 Bromius
608 1605 646 1668 ad
664 1605 796 1671 Cornel.
814 1611 877 1672 su.
895 1612 945 1684 11,
963 1608 995 1670 5.
1038 1607 1187 1671 Primum

142 1712 180 1755 es
197 1688 348 1774 exempla
364 1699 439 1751 sunt
458 1690 674 1767 removenda,
697 1692 729 1754 in
757 1692 874 1776 quibus
889 1690 1019 1755 nomini
1037 1694 1184 1778 negatito

141 1775 345 1841 submittitur
368 1774 553 1840 disiunctio.
605 1776 688 1841 Vide
710 1775 752 1839 11.
784 1799 816 1840 n.
839 1781 870 1842 8.
913 1777 1039 1842 Deinde
1066 1779 1185 1862 p'oetis,

141 1861 336 1949 praesertim
360 1860 608 1924 comoediarum
632 1863 852 1946 scriptoribus
881 1865 975 1952 copia
1008 1863 1184 1929 verborum

142 1947 306 2012 sisundare
322 1941 414 2008 facile
436 1946 638 2012 conceditur.
683 1950 777 2028 Quae
800 1957 926 2014 restent
948 1948 1034 2036 npud
1056 1950 1185 2037 prosai-

141 2055 216 2116 cos,
235 2051 337 2120 pauca
354 2040 429 2094 sunt
445 2040 478 2095 et
499 2030 607 2096 dubis.

249 2148 338 2204 eraut.
355 2149 434 2220 Epid.
454 2146 520 2217 4,1,
536 2149 562 2203 6.
589 2168 669 2220 usque
691 2168 722 2205 ea
737 2171 803 2206 nuno
819 2152 862 2206 ubi
878 2154 928 2217 eit,
954 2154 1047 2207 nescio.
1080 2153 1183 2209 Bacch.
1222 2153 1224 2156 ⁴

203 2234 231 2302 4,
246 2232 272 2302 11,
289 2231 349 2287 114.
366 2253 446 2304 aeque
453 2251 502 2304 ego
515 2233 586 2288 haud
600 2239 767 2298 committam,
781 2246 811 2291 ut
828 2265 860 2277 -
870 2237 965 2303 secisse
981 2236 1053 2289 dicas
1066 2238 1100 2290 de
1114 2257 1184 2293 mes·

202 2330 256 2376 met
269 2319 408 2374 sententia.
442 2316 554 2372 Terent.
567 2320 650 2372 Andr.
667 2322 692 2387 1,
707 2321 734 2385 2,
749 2320 792 2374 34.
817 2339 897 2391 mque
919 2330 948 2375 tu
967 2321 1040 2374 hand
1057 2322 1183 2389 dimetati

201 2425 254 2460 moa
268 2403 438 2476 praedictum·
469 2400 561 2458 Plane.
578 2403 657 2472 Epir.
671 2402 696 2469 5,
712 2408 738 2458 1.
757 2403 800 2459 51.
826 2422 905 2474 aeque
928 2406 972 2457 dte
989 2407 1062 2459 haud
1085 2406 1182 2462 attide

204 2491 280 2546 mitt.
314 2491 350 2542 st
371 2488 443 2540 mola
467 2485 571 2557 legitur
591 2489 619 2541 in
647 2489 732 2541 Gellii
754 2491 901 2544 Necesse.
918 2487 960 2553 lt,
978 2488 1080 2555 21,35.
1107 2510 1183 2562 neque

204 2572 278 2625 leand
300 2573 378 2643 tange
398 2579 455 2642 post
476 2574 629 2627 Aristoteles
652 2575 817 2643 philosophas
848 2580 949 2642 etpost
974 2576 1107 2644 aliquanto
1130 2579 1182 2631 De·

203 2657 344 2709 mosthenes
359 2658 416 2708 nita
424 2659 513 2725 functi
527 2666 594 2712 eunt.
631 2658 813 2711 Correxernnt
829 2657 917 2710 critici
933 2677 1014 2728 neque
1036 2661 1075 2712 e'ta
1095 2662 1182 2731 lange.

203 2739 282 2810 Apud
301 2740 474 2809 Propertium
492 2741 518 2807 2,
538 2742 581 2807 311,
596 2740 621 2796 4.
639 2750 761 2796 mutetur
781 2742 930 2795 verborum
949 2743 1114 2797 constructio
1134 2743 1179 2797 in-

199 2825 329 2894 terposito
344 2826 477 2878 uocabulo
491 2826 538 2879 oet.

235 2927 347 2982 Terent.
363 2929 431 2981 Eun.
453 2927 479 2992 5,
495 2926 521 2993 Β,
538 2925 586 2982 47..
602 2928 691 3001 magle
707 2937 883 3000 opportunus,
902 2946 948 2982 uec
969 2930 1057 3001 magis
1076 2950 1108 2984 ex
1130 2949 1178 2986 um

201 3021 247 3067 tuo
262 3031 337 3067 nemo
352 3020 399 3067 eet.
432 3011 522 3067 Plane.
539 3014 618 3073 cure.
633 3013 658 3079 1,
675 3013 700 3080 5,
716 3014 759 3068 23.
779 3023 806 3067 ut
822 3033 871 3085 ego
893 3022 938 3067 tna
960 3014 1106 3084 magnifica
1122 3035 1178 3070 oer-

200 3097 250 3161 ba,
267 3116 347 3167 aeque
360 3097 424 3153 istas
437 3105 496 3152 tuas
510 3115 625 3167 maguae
641 3101 728 3153 minae
750 3117 801 3152 ame
815 3099 901 3169 pluris
920 3099 1009 3168 secio,
1031 3117 1111 3168 quam
1129 3119 1177 3155 aa·

199 3182 286 3234 ettam
300 3201 398 3248 meam,
416 3201 481 3253 quae
495 3181 619 3236 latrinam
634 3184 715 3236 lauat.

233 3285 341 3337 cornel.
356 3286 410 3342 Att.
426 3285 470 3348 11,
485 3281 511 3337 5.
537 3285 605 3354 quod
625 3303 705 3354 neque
727 3285 845 3339 laedebat
868 3302 1036 3354 qumquam,
1053 3301 1134 3354 aeque
1155 3286 1178 3338 se'

199 3386 278 3438 quam
300 3371 426 3424 iniuriam
447 3378 594 3438 acceperat,
625 3388 676 3422 aon
701 3372 815 3423 maletat
842 3370 930 3420 ulcisci
951 3387 1028 3437 quam
1052 3373 1176 3425 obliuisci.

198 3449 327 3506 Bromius
342 3468 404 3506 cum
419 3447 481 3505 aliis
497 3447 578 3505 eiecit
591 3472 650 3507 aon.
686 3451 763 3506 Caes.
777 3453 848 3505 Bell.
871 3450 925 3505 civ.
939 3453 965 3518 2,
978 3453 1021 3506 lt.
1046 3474 1127 3525 neque
1149 3473 1177 3510 ee

198 3535 226 3588 s‘u
242 3538 343 3590 nattam
362 3546 464 3606 partem
482 3538 606 3591 monetat.
640 3538 701 3590 Hoc
725 3537 753 3590 in
777 3539 871 3591 codice
894 3539 1013 3608 quodem
1035 3539 1176 3595 inventam

197 3620 326 3688 probavit
350 3620 568 3690 Oudendorpinsr
593 3638 673 3675 nemo
703 3627 793 3675 tomen
817 3621 896 3675 nlius.
936 3621 993 3676 Lis.
1016 3623 1060 3688 111,
1083 3623 1127 3693 1³,
1151 3626 1176 3680 l.

197 3720 250 3757 nau
265 3723 320 3757 mm
335 3708 448 3772 nescius,
465 3708 498 3759 ab
512 3707 602 3759 eadem
623 3707 807 3776 neglegentis,
827 3725 877 3776 qua
901 3709 969 3760 uidit
990 3705 1051 3759 deor
1070 3717 1177 3776 porten-

197 3789 258 3841 dere
271 3791 351 3860 volgo
365 3809 434 3843 unua
453 3793 575 3857 credant,
592 3809 673 3861 neque
693 3793 810 3844 caudari
824 3793 961 3844 admodum
987 3789 1061 3844 natta
1084 3795 1177 3862 prodi-

194 3872 245 3943 gia
260 3875 429 3944 inpublicare
442 3893 520 3944 usque
538 3877 565 3927 in
582 3876 689 3927 annales
710 3877 811 3942 referri.
847 3873 1000 3928 Gronovius
1017 3876 1176 3931 emendavit

108 3968 111 3972 ’
195 3959 258 4009 otta
292 3959 371 4026 Ques
388 3961 512 4012 Dukerus
528 3966 556 4012 et
570 3957 812 4012 Drakenborchine
828 3968 1000 4029 comparant,
1019 3967 1066 4014 sut
1076 3979 1175 4015 recen-

195 4039 297 4094 tiorum
319 4050 380 4098 snut
400 4050 556 4110 unctorum,
583 4050 630 4095 eut
651 4043 752 4095 diversi
778 4045 898 4114 generis.
930 4045 1058 4098 Fortasse
1080 4052 1174 4103 tumea

193 4124 264 4186 ntus
277 4128 417 4186 admodum
433 4127 508 4185 uuila
521 4145 554 4184 ex
566 4128 686 4184 formula
701 4131 812 4202 rotgeri
826 4128 990 4188 uomendum
1007 4137 1057 4187 est.
