2662 4906
267 310 327 371 182

542 347 547 356 .
634 296 731 363 uec.
774 292 937 378 necve,

358 470 427 525 ¹(lic.
454 465 555 520 deoff.
577 463 604 532 8,
625 465 734 531 ueut.
763 468 841 520 immo
865 465 1015 535 intelligat,
1035 465 1101 517 nitu
1116 481 1163 516 nee
1191 464 1311 533 expedire,

335 575 383 610 nee
398 557 461 609 utile
478 570 546 616 erre,
563 553 631 621 quod
644 553 679 603 rit
699 552 831 605 iniectum.
866 551 900 603 de
925 551 995 616 Rep.
1023 548 1049 613 l,
1064 548 1091 602 6.
1116 550 1188 601 nilril
1211 566 1257 603 nec
1277 551 1312 603 tii·

336 641 429 695 diriore
444 652 566 705 umquam
579 652 625 688 nee
642 636 738 688 docere.
772 635 807 687 de
823 636 878 690 011.
890 636 917 698 8,
935 635 961 700 8,
978 632 1023 688 86.
1041 634 1076 687 ud
1091 633 1170 686 Fam.
1185 630 1311 699 18,1,14.

337 726 400 779 Lir.
415 722 460 787 85,
475 721 518 785 lu,
533 721 558 775 ’1.
579 721 648 773 nilcil
662 737 707 772 nee
722 720 833 788 petierat
850 738 867 771 o
881 722 977 790 populo
997 726 1056 788 port
1077 721 1260 788 triumphum,
1275 738 1311 774 mr

336 811 446 878 adeptu·
471 813 536 858 erat·
570 802 614 868 81,
630 803 658 869 ii,
672 803 698 856 1.
717 806 784 857 nteit
808 807 876 858 enirn
898 822 945 857 nee
965 804 1101 874 legatione
1118 806 1312 866 Atheniensium

336 912 383 946 nec
398 891 501 962 placide
516 882 637 958 Africani
654 906 774 958 responso
790 895 934 958 profectum
952 889 1080 941 videbunt.
1115 884 1174 941 cte.
1192 882 1229 942 ud
1244 883 1310 943 Fon.

335 972 422 1042 Ι2,]9,
436 974 462 1027 2.
479 981 650 1044 posteaquam
670 974 735 1026 milri
755 975 823 1026 nituit
838 990 919 1040 neque
942 991 960 1025 o
985 980 1009 1025 te
1031 974 1091 1041 ipro
1111 989 1196 1042 neque
1218 973 1250 1025 ol
1265 975 1309 1026 elle

336 1062 389 1115 olio
412 1061 445 1114 de
468 1061 581 1113 admntrc
603 1066 649 1113 tuo
669 1057 828 1112 scriberetur
849 1064 900 1111 etc.
932 1056 960 1125 8,
983 1054 1010 1122 l,
1031 1054 1074 1109 14.
1105 1058 1241 1126 pelluce-
1260 1055 1309 1112 tn

373 1247 435 1300 Lir.
460 1243 528 1311 4,1,
546 1242 572 1298 5.
602 1251 784 1314 praeterquam
809 1245 876 1310 quod
895 1243 967 1296 netto
988 1261 1033 1296 nec
1054 1243 1169 1312 exemplo
1196 1250 1244 1295 'nec
1263 1240 1309 1297 itrt

164 1312 167 1319 .
224 1308 225 1311 Ἴ
330 1335 416 1401 fieret.
450 1330 477 1395 6,
499 1330 541 1395 16,
556 1329 583 1382 8.
598 1330 696 1382 nullior
716 1343 763 1379 nec
784 1329 851 1380 oceli
875 1346 923 1381 nee
947 1345 1023 1381 auree
1043 1328 1236 1402 indignitam
1250 1330 1309 1396 serr·

338 1419 410 1472 iant.
443 1415 487 1482 84,
502 1415 529 1479 l,
546 1412 572 1467 8.
601 1421 737 1467 matronae
760 1415 834 1465 nulla
859 1430 905 1465 nec
927 1413 1083 1465 auctoritate
1102 1429 1149 1464 neo
1169 1412 1310 1467 cernenti

338 1519 385 1554 nec
411 1502 520 1571 imperio
550 1500 665 1551 virerum
697 1498 824 1550 contineri
852 1498 942 1553 limine
968 1504 1095 1565 poterent.
1129 1493 1182 1561 88,
1206 1494 1309 1561 88,11.

339 1582 464 1654 Propert.
480 1585 507 1649 2,
523 1583 566 1649 lu,
588 1582 660 1651 (15)
674 1581 699 1635 5.
718 1581 873 1635 Nemeoinn.
890 1581 991 1677 E⁰¹‘,²'
1005 1578 1050 1632 46.

374 1687 433 1740 cic.
450 1687 484 1739 de
495 1686 568 1755 daeg.
583 1687 609 1751 1,
625 1683 651 1747 8,
665 1683 708 1737 24.
727 1685 837 1752 ipeioqne
853 1686 881 1737 in
896 1679 1040 1737 hominibus
1054 1683 1129 1736 nulla
1144 1676 1215 1752 g'enr
1226 1691 1261 1736 ert

339 1790 388 1842 que
410 1780 464 1825 tam
486 1779 622 1824 manmeta
638 1786 719 1837 neque
735 1776 791 1821 tem
810 1772 894 1835 sera,
912 1786 979 1837 quoe
998 1787 1067 1833 non,
1090 1768 1198 1821 etiamri
1216 1766 1223 1783 ⁶

222 1880 227 1892 ·
339 1858 442 1924 qualem
458 1856 552 1908 labere
568 1857 644 1906 deum
658 1854 755 1916 deceat,
775 1861 863 1906 tomen
879 1853 1027 1904 latendum
1042 1853 1118 1904 octor.
1137 1851 1184 1906 vd.
1199 1850 1259 1904 mi.

339 1940 400 1996 uin.
415 1940 440 2003 l,
455 1939 482 2002 1,
497 1935 523 1989 4.
548 1945 653 2008 gentem
675 1939 775 2006 quidem
792 1940 891 1989 nullam
905 1939 978 1989 video
1000 1953 1081 2004 neque
1100 1944 1159 1989 tam
1179 1939 1241 1990 hum
1303 1932 1306 1937 ’
1326 1925 1327 1952 ³

340 2033 415 2093 atque
430 2027 548 2082 doctam,
570 2039 650 2088 neque
664 2031 717 2074 tam
739 2023 875 2075 immanem
890 2030 994 2087 tamque
1009 2023 1170 2083 lariorum,
1189 2040 1254 2091 quoe
1266 2020 1311 2073 ιη’

327 2109 489 2177 -rignificeri
499 2112 644 2175 firturo-
662 2113 770 2158 cerrreet.
803 2105 838 2157 de
859 2105 914 2158 uu.
938 2105 1004 2170 1,2,
1021 2104 1047 2158 4.
1081 2103 1148 2159 Atio
1166 2107 1255 2159 multu
1269 2094 1319 2255 tuq

340 2193 431 2260 empta
448 2189 563 2258 collegit
579 2189 731 2242 Beneckirtu
745 2191 779 2243 ed
792 2190 888 2243 lustin.
902 2187 945 2254 25,
960 2188 986 2254 5,
1001 2188 1028 2242 8.

376 2308 489 2362 Terent.
505 2310 575 2361 Eun.
592 2307 618 2371 1,
633 2305 661 2369 2,
676 2305 718 2360 61.
738 2309 816 2360 liabeo
831 2309 874 2361 lic
888 2308 1017 2361 neminem
1032 2326 1112 2378 neque
1129 2308 1221 2360 notum
1238 2262 1321 2385 requiri

337 2401 485 2462 cognatum.
520 2392 578 2446 (llo.
597 2411 624 2461 p.
644 2394 725 2445 Rorc.
751 2393 813 2445 Am.
835 2390 871 2456 8,
896 2388 940 2444 22.
968 2391 1030 2443 liv.
1048 2390 1099 2457 88,
1119 2390 1225 2457 51111.
1262 2394 1310 2447 cte.

341 2476 375 2529 ad
398 2476 453 2528 Art.
466 2476 492 2540 8,
507 2477 532 2531 1.
557 2494 669 2545 qnorum
688 2494 819 2529 nemonec
843 2478 946 2530 otaltior
965 2485 1003 2530 ert
1028 2496 1106 2545 quom
1129 2477 1161 2529 11.
1184 2478 1309 2543 Domiiee,

336 2577 384 2611 nec
401 2560 585 2613 incomtontior
607 2579 684 2630 qnam
707 2561 775 2629 App·
798 2562 932 2614 Claudius.
975 2561 1008 2613 de
1032 2561 1087 2615 Off.
1109 2559 1143 2625 2,
1159 2559 1196 2624 5,
1211 2559 1254 2615 11.
1274 2580 1310 2615 ne·

339 2644 433 2696 minem
454 2662 534 2712 neque
557 2647 648 2698 ducem
670 2644 731 2698 belli
743 2663 790 2696 nee
805 2646 946 2716 principem
963 2647 1034 2698 dorni
1046 2662 1158 2716 magnae
1177 2664 1220 2699 rer
1234 2654 1258 2700 et
1273 2663 1310 2699 re-

338 2729 436 2780 lutarer
456 2730 511 2782 eine
533 2732 663 2782 hominurn
687 2730 781 2782 etudiio
803 2748 894 2799 gerere
914 2731 1034 2800 potuine.
1075 2729 1109 2781 de
1130 2729 1209 2782 Oret.
1230 2729 1254 2793 1,
1274 2727 1309 2797 28,

338 2811 400 2864 182.
416 2830 467 2882 ege
497 2815 563 2865 enim
581 2816 708 2867 neminem
730 2829 775 2866 nec
797 2824 869 2867 motu
895 2816 1022 2884 cooperit,
1045 2830 1127 2883 neque
1148 2814 1204 2882 ipro
1227 2815 1310 2866 habite

338 2904 417 2964 atque
431 2901 523 2963 forma
545 2898 686 2967 aptiorem,
712 2915 759 2948 nee
780 2915 838 2951 vace
855 2900 995 2968 pleniorem
1016 2905 1065 2950 aut
1084 2898 1229 2952 suaviorem
1254 2898 1310 2951 miii

339 2982 429 3033 oidear
449 2982 562 3033 audiere.
603 2979 677 3033 Alibi
699 2980 799 3035 dicitur
820 3002 896 3037 nemo
918 2990 1014 3037 aut-
1029 2990 1082 3035 aut.
1117 2983 1198 3036 (lnce.
1218 2985 1251 3038 B.
1266 2983 1310 3036 cit.

339 3063 367 3127 8,
383 3063 426 3115 41.
452 3062 478 3129 8,
498 3065 541 3119 61.
1324 3082 1327 3149 ᾗ

375 3178 434 3231 Liv.
447 3178 491 3244 48,
509 3180 595 3245 18,1.
612 3198 663 3233 non
680 3180 736 3234 enm
755 3181 870 3245 nesciae,
888 3184 922 3236 al
943 3184 1033 3249 eadem
1059 3184 1245 3255 negligentia,
1265 3174 1327 3253 quet

338 3264 406 3316 nitu
421 3266 481 3317 deor
494 3267 645 3334 portendere
659 3267 738 3335 uulgo
760 3284 828 3318 nunc
849 3269 971 3333 credant,
989 3287 1071 3339 neque
1089 3270 1210 3321 nuntiari
1228 3270 1313 3322 dmo-

338 3351 401 3402 dum
416 3351 489 3402 nulla
503 3351 629 3420 prodigia
643 3352 671 3403 in
686 3351 833 3419 publicum,
852 3368 931 3419 neque
945 3355 974 3404 in
984 3356 1092 3407 annaler
1105 3354 1209 3422 referri·
1247 3354 1312 3407 Gue-

340 3433 436 3485 nerine
468 3434 587 3486 correxit
615 3436 685 3487 ullo:
711 3434 782 3501 quod
814 3436 849 3488 ob
875 3436 966 3503 iprum
988 3438 1153 3490 vocabulum
1177 3439 1312 3492 admodum

339 3534 391 3569 non
424 3525 513 3585 potest
535 3519 661 3586 probari:
701 3518 844 3572 collocutio
874 3522 1022 3573 verborum
1052 3521 1174 3577 inveniet
1205 3538 1313 3577 exeam·

337 3601 448 3659 tionem.

354 3773 387 3834 9.
412 3771 521 3834 Potest
538 3771 570 3834 in
587 3769 648 3834 hee
662 3771 907 3858 compositione
924 3773 1062 3838 alterum
1077 3774 1169 3860 prius
1187 3774 1310 3840 omitti:

272 3855 550 3936 quemadmodum
578 3857 640 3943 p‘ro
660 3877 715 3931 eo,
748 3856 838 3942 quod
863 3861 1036 3923 Gronovio
1062 3860 1204 3945 placuit:
1228 3857 1312 3948 qued

247 3937 360 4002 ,nitet
375 3941 617 4028 nepesinae,
643 3964 748 4028 neque
771 3943 821 4005 od
847 3944 996 4009 incidiae
1020 3944 1235 4010 latebrarum
1250 3945 1327 4019 ita-5

269 4018 410 4104 babent,
431 4026 540 4092 Livius
557 4032 609 4115 27,
628 4029 680 4097 41,
698 4028 729 4089 4.
752 4028 884 4115 scripsit
901 4032 991 4118 quad
1015 4031 1105 4095 nitit
1126 4033 1236 4097 siloae
1252 4028 1327 4097 rte-i

268 4128 330 4193 qne
348 4110 398 4175 ad
414 4111 461 4178 in.
477 4113 540 4176 lat.
556 4111 589 4174 lc.
633 4108 686 4174 Cf.
709 4132 742 4175 n.
763 4119 790 4176 1.
810 4125 842 4177 et
858 4120 891 4179 8.
1319 4120 1327 4149 ““

1323 3932 1327 3961 1
