2662 4906
227 298 292 367 880
660 284 831 353 OPPIDO.

227 459 506 567 significaretur,
526 480 587 525 sce
612 452 928 556 erespondebatu'r,
951 462 1127 549 qrrnntum
1148 448 1202 517 cel
1223 470 1242 514 o
1262 486 1278 503 ·

223 550 312 642 pido
330 548 418 627 sutis
442 557 538 612 esset.
617 544 673 607 inc
690 566 729 607 ιιι
742 538 1021 605 consuetudinem
1039 546 1150 608 venit,
1173 546 1214 601 ut
1258 538 1278 587 '-

229 646 361 703 ceretur
382 631 491 720 appi
498 629 550 694 do
562 650 633 715 pro
651 626 752 693 ualde
769 626 925 691 amusim.
969 623 1096 723 Itaque
1118 621 1154 685 si
1173 620 1280 709 quiin

229 720 312 789 aliis
338 718 436 783 rebus
458 739 496 781 eo
517 725 668 788 utuntur,
689 724 726 777 nt
742 722 832 799 puta
852 710 976 799 siquis
997 708 1099 775 ducat
1123 731 1145 771 o
1149 728 1178 795 p
1182 706 1280 795 pido

229 804 396 882 didici,
426 799 647 900 spectavi,
678 796 916 875 ambulavi,
945 806 1053 881 errat,
1084 794 1174 881 quio
1204 792 1281 859 nulli

229 912 347 959 eornm
371 884 493 951 subiici
511 896 646 971 potest.-
669 883 740 948 uel
760 880 874 969 qisod
901 882 1021 947 satie
1049 890 1133 947 est.
1178 878 1280 943 Dona·

229 986 283 1040 tus
307 972 348 1039 nd
369 973 506 1037 Terent.
533 970 611 1034 Hoc.
632 974 664 1040 1,
697 976 726 1049 1,
750 974 803 1032 41.
824 966 965 1054 oppido,
985 964 1112 1031 ualde.
1162 962 1279 1029 Trans·

230 1061 319 1127 intio
336 1082 359 1122 c
372 1056 521 1134 rusticis,
542 1054 600 1142 qrsi
617 1054 838 1141 interrogati,
882 1044 1278 1149 siemadmcdumfruges

226 1144 472 1235 provenissent,
492 1136 745 1227 respondebant
760 1076 900 1227 oppidi,
916 1136 957 1201 id
973 1148 1036 1218 est,
1059 1158 1156 1225 quoe
1173 1132 1280 1201 sibiet

232 1228 364 1319 oppido
386 1224 539 1315 sufficere
557 1224 766 1311 putruissent.
827 1224 883 1287 llis
914 1222 955 1288 G.
986 1222 1131 1287 Vossius
1159 1230 1281 1287 lantum

231 1311 392 1403 opposuit
405 1312 633 1378 auctoritatem
650 1309 765 1389 Plauti,
790 1308 956 1375 Ciceronis
974 1307 1186 1395 aliorumque
1198 1307 1282 1373 scd-

229 1412 390 1491 ptorum,
425 1398 481 1482 qui
503 1394 569 1459 hoc
592 1395 789 1461 vocabulum
817 1396 863 1459 ita
888 1402 1125 1481 usurpassent,
1157 1404 1280 1457 utnon

229 1482 491 1557 multitudinem,
516 1502 600 1567 quae
623 1482 702 1545 satis
721 1489 816 1559 esset,
839 1476 1048 1566 significaret.
1096 1476 1281 1565 Reisigium,

231 1570 285 1633 cui
306 1572 603 1655 grammaticorum
625 1576 853 1631 commentum
874 1565 1006 1652 placuit,
1026 1564 1168 1629 Hunsius
1189 1584 1231 1629 ex
1249 1584 1282 1627 re

230 1653 304 1743 ipsa
323 1652 455 1719 refellit.
497 1651 626 1716 Nonius
648 1654 680 1715 4.
700 1675 733 1739 p.
750 1655 825 1716 361.
840 1652 980 1739 explicat
995 1672 1058 1737 pes
1074 1646 1190 1721 valde,
1208 1644 1282 1713 nibil

232 1738 358 1805 nddens
381 1739 421 1801 do
442 1738 581 1821 origine.
607 1736 851 1801 Lindemannus
875 1738 971 1801 haece
993 1747 1203 1823 „cognatum
1220 1734 1282 1799 e'ssc

231 1825 362 1893 videtur
389 1822 586 1887 adiectivum
624 1822 771 1907 oppidns
798 1842 874 1885 cum
903 1822 1009 1887 verbis
1036 1842 1146 1907 opus,
1176 1842 1281 1904 opero,

232 1910 393 1997 aquibus
416 1908 600 1983 descendit,
633 1907 914 1993 quemadmodum
932 1932 949 1973 a
965 1930 1091 1993 supere
1113 1904 1280 1993 sapidus.“
1321 1942 1323 1959 ι

230 1995 453 2062 Doederlinus
484 2016 526 2056 cx
556 1994 703 2067 lutatius
733 2002 844 2059 ortum
875 2003 976 2080 putat.
1012 1992 1066 2056 vd.
1098 1992 1280 2080 Synonyn.

232 2080 278 2147 T.
302 2083 336 2147 5.
368 2102 403 2162 p.
435 2082 511 2143 161.
555 2079 638 2143 lllud
670 2100 747 2143 vero
780 2088 856 2143 nnte
882 2079 995 2143 omnin
1023 2088 1073 2141 cst
1096 2076 1280 2155 tenendum,

232 2168 325 2255 quod
364 2163 552 2230 Solsellerus
590 2163 692 2243 dixit,
748 2164 946 2230 adiectivuin
976 2162 1080 2229 luisse
1116 2164 1188 2228 snti
1213 2184 1280 2227 uum

232 2250 358 2351 cpidus
379 2250 429 2313 rel
451 2248 610 2335 oppidus,
630 2272 672 2314 ex
688 2270 755 2337 quo
772 2260 804 2314 et
818 2272 943 2315 nomen
968 2250 1087 2337 oppidi
1115 2258 1150 2315 et
1172 2186 1279 2313 sidrer·
1316 2275 1319 2282 ·

232 2336 325 2401 bium
347 2334 470 2399 facttum
488 2336 539 2398 sit.
581 2334 645 2398 Sed
664 2336 728 2400 iam
753 2345 888 2413 veteres,
912 2336 1018 2399 Varro
1041 2336 1098 2425 (de
1117 2334 1215 2421 Ling.
1232 2334 1276 2399 lat.
1316 2313 1319 2355 Ι

232 2422 265 2505 t,
285 2422 366 2506 81),
382 2420 497 2484 Cicero
512 2420 612 2505 tsspud
624 2418 755 2485 Festum
773 2444 806 2509 p.
824 2422 912 2505 101.)
929 2422 1055 2485 incerto
1073 2420 1203 2485 iudicio
1218 2420 1293 2485 ori··

232 2510 345 2606 gisem
362 2506 507 2569 nominis
527 2505 575 2569 vel
591 2507 624 2571 in
644 2528 709 2594 ope
726 2508 914 2587 munienda,
938 2507 1040 2571 velia
1056 2528 1164 2595 opere
1177 2506 1277 2570 muni·
1316 2492 1321 2583 Ι

232 2590 333 2657 tionis
361 2590 603 2677 quaesiverunt,
633 2614 695 2656 neo
717 2604 912 2680 reputarunt
936 2592 1146 2680 oppidorum
1176 2590 1276 2655 aedili·

233 2677 417 2743 cnndorum
438 2678 577 2741 modum
601 2678 640 2739 ab
655 2678 801 2742 Etruscis
823 2700 886 2743 uns
901 2700 975 2742 cum
1002 2680 1204 2743 nominoio
1227 2678 1277 2741 la-
1318 2676 1322 2703 ¹

231 2766 316 2829 tium
339 2763 533 2826 translatum
561 2764 673 2829 videri.
722 2764 824 2829 Recto
848 2767 1017 2850 perspexit
1040 2764 1277 2828 Lindemannus

231 2848 398 2949 oppidum
413 2848 594 2931 significare
611 2846 760 2925 firmum,
783 2849 869 2914 unde
886 2849 1015 2937 oppida
1037 2860 1122 2915 esset
1146 2846 1278 2935 profir-

229 2946 352 3016 miter,
387 2934 505 2998 vnlclc.
566 2928 675 3019 Atque
703 2938 890 3021 comparari
918 2946 1028 3024 potest
1057 2937 1279 3023 germanicum

230 3031 316 3097 vest,
344 3040 387 3085 ex
412 3042 479 3104 quo
508 3018 633 3082 factttru
660 3034 708 3081 cst.
730 3019 786 3084 ilie
812 3020 927 3099 Veste,
950 3024 1049 3087 etiam
1072 3022 1115 3085 do
1135 3032 1220 3085 terrs
1236 3020 1279 3083 di·

230 3115 335 3181 ctum,
359 3104 443 3168 siout
462 3102 545 3189 Ops.
584 3103 756 3190 Oppidum
777 3106 865 3171 anim
885 3130 1041 3173 nonense
1062 3107 1175 3171 locum
1193 3128 1281 3171 man·

229 3192 351 3264 sionis,
374 3200 411 3251 ut
436 3186 679 3253 Ramsbomius
704 3192 736 3254 in
762 3192 890 3279 Synon.
918 3200 946 3257 l.
971 3215 1006 3280 p.
1022 3198 1097 3257 117.
1116 3193 1280 3257 existima-

228 3272 307 3349 rit:
329 3278 387 3338 sed
410 3274 595 3353 munitum,
618 3275 889 3342 demonstrarunt
909 3279 1108 3366 interpretes
1131 3278 1224 3343 Caes.
1246 3278 1280 3341 B.

229 3358 308 3445 gell.
330 3358 363 3434 6,
395 3364 447 3423 11.
478 3361 517 3437 4,
548 3364 598 3423 19.
643 3362 826 3443 Quomodo
848 3374 957 3427 autem
986 3368 1082 3428 notio
1120 3362 1280 3428 firmitatis
1321 3376 1323 3383 '

229 3444 271 3541 nd
318 3462 539 3541 uatmcumque
554 3466 627 3510 rem
648 3468 804 3535 magnam
834 3460 866 3513 et
890 3472 1024 3537 gravem
1053 3447 1179 3515 'referri
1204 3472 1282 3537 pos-

228 3538 281 3629 sit,
294 3466 397 3592 (laede
418 3530 830 3628 intelligitur'comparatis
846 3536 1042 3600 nominibus
1066 3534 1187 3615 valde,
1198 3532 1280 3624 sor-

227 3624 321 3679 titer.
373 3615 559 3713 Entamen
583 3630 683 3683 etiam
716 3619 757 3684 ad
788 3630 894 3685 totam
925 3631 959 3686 et
989 3622 1178 3686 universnm
1206 3641 1280 3685 rem

221 3720 243 3763 -ι
270 3708 365 3763 ectnt.
617 3708 620 3715 '

226 3720 268 3837 pv
312 3784 345 3849 0
369 3780 429 3847 ido
453 3805 518 3849 una
536 3808 565 3871 p
584 3787 704 3865 littera,
727 3789 813 3851 sicut
834 3788 913 3853 alibi
936 3788 1031 3853 urbis
1043 3811 1182 3859 nomen.
1200 3791 1282 3854 seri-

226 3877 322 3949 mum
339 3806 464 3955 lingitur
485 3872 519 3934 in
543 3884 689 3955 quatuor
713 3874 882 3939 codicibus
903 3876 974 3940 Cic.
999 3876 1039 3939 de
1061 3877 1161 3941 Orat.
1184 3877 1285 3958 284,

225 3956 300 4019 169.
317 3952 362 4021 ds
378 3976 448 4053 'qua
467 3977 503 4021 rs
525 3956 598 4022 vids
622 3957 815 4025 Schneider-i
836 3960 986 4025 Graium.
1020 3966 1050 4025 t.
1078 3984 1116 4050 p.
1141 3965 1221 4027 stt.

226 4098 230 4105 .
307 4041 491 4127 Antiquom
517 4044 734 4124 vocabulum,
762 4047 796 4111 in
821 4044 1041 4113 familiaribus
1069 4046 1285 4115 sermonibus

225 4122 314 4211 apud
337 4128 484 4195 comicos
506 4149 604 4218 saepe
620 4130 769 4215 obvium,
790 4152 976 4220 numquam
998 4142 1047 4201 cst
1068 4134 1110 4203 sb
1137 4132 1284 4204 oratori·
