2662 4906
521 302 628 368 ΝΛΜ.
1083 313 1106 374 9

57 478 117 553 eat,
154 468 324 535 interdum
348 470 383 535 in
408 468 582 535 accelerata
611 471 762 537 oratione
813 473 1019 539 raemittitur.
1069 476 1106 542 ld

56 555 156 621 etiam
173 557 289 621 Graeci
304 553 464 621 fecerunt.
501 556 575 621 vid.
591 557 748 623 Matthiae
802 579 921 624 ramm.
937 581 973 646 p.
991 563 1085 627 1242.

172 673 262 731 Plent.
279 674 359 742 spru.
375 674 402 740 8,
416 672 444 740 4,
461 673 504 730 28.
521 694 585 730 nam
602 677 665 746 qaid
681 694 731 745 ego
753 677 825 746 apud
843 683 870 730 ts
884 695 995 748 puram
1016 682 1106 751 prola-

10 764 12 775 '
124 757 191 827 asi?
208 777 258 829 ega
275 760 349 813 illan
363 760 439 813 lodie
459 761 514 812 oola
531 764 623 827 sarcre
647 762 767 817 libertam
787 778 879 815 sacam.
912 760 1011 828 Ampli-
1027 762 1105 818 Prol.

127 840 189 896 Ill-l.
206 841 358 896 Mercurius
380 842 473 896 dicere
495 844 597 896 soluite
617 854 694 913 pater
715 862 793 898 meaa
816 843 923 912 occepit
947 847 1106 901 Alcmeaurn

129 927 202 980 clem
218 927 277 980 viro
290 944 399 981 sanare:
416 943 480 979 nam
495 928 576 980 creda
593 945 640 981 vos
653 928 776 994 cavisse,
793 928 956 995 aritiens,
978 939 1006 984 et
1022 949 1106 1001 qum

10 1000 16 1069 l
128 1011 203 1083 lilaea·
217 1012 315 1065 liuram
330 1028 430 1064 rerum.
466 1010 521 1064 Scd
535 1010 619 1065 tiata:
639 1030 701 1065 aaut
722 1030 773 1084 ego
787 1031 832 1066 aas
854 1015 949 1068 meuse
967 1018 1057 1082 creda,
1076 1026 1105 1071 at

124 1096 161 1148 sit
178 1104 256 1167 pater
269 1113 348 1159 meus,
365 1113 441 1164 wana
456 1097 519 1149 liber
534 1098 628 1148 karam
642 1114 729 1149 rerum
743 1099 885 1151 manarant
899 1101 962 1162 siet,
980 1109 1107 1170 puntua-

127 1196 179 1248 qsc
198 1188 300 1234 amator
322 1182 371 1245 rit,
390 1179 459 1248 quod
473 1181 654 1250 complacitura
678 1189 716 1235 cst
731 1183 818 1236 semel.
853 1183 880 1235 la
902 1200 992 1237 aaran
1011 1185 1106 1255 meapte

125 1265 297 1319 Alcamenen
311 1266 380 1319 darn
393 1266 457 1319 aia-a.

78 1450 82 1461 ,
141 1384 173 1446 8.
193 1381 434 1467 Comprobatio
450 1380 487 1444 lit
508 1377 668 1466 exemplis
694 1380 836 1447 adiectis.
878 1383 969 1449 Tum
991 1362 1106 1451 exem·

56 1460 155 1551 plum
174 1488 234 1554 per
249 1489 332 1531 aum
348 1467 485 1532 additur.

10 1578 15 1651 ξ
164 1582 279 1651 Quintil.
293 1582 326 1648 8,
342 1583 375 1651 t,
393 1583 436 1637 88.
460 1602 534 1654 quem
553 1591 656 1655 tropen
676 1586 766 1656 arogis
781 1587 948 1653 affectamus,
966 1593 998 1640 ut
1016 1587 1107 1642 taum

11 1662 15 1685 ²
129 1668 281 1731 videamur,
299 1685 375 1735 paona
391 1670 444 1719 allo
459 1670 488 1719 io
505 1669 557 1719 loeo
574 1669 755 1722 desideramus.
791 1672 860 1724 ll'aar
875 1672 903 1725 id
917 1672 971 1725 ciue
978 1676 1107 1740 [repaes-

126 1751 257 1804 tiseimuns
270 1752 413 1819 exemplum
429 1758 483 1803 erle
499 1768 571 1813 curra,
588 1758 673 1817 mea,
688 1754 753 1807 dicu.
780 1754 824 1817 lt,
843 1756 869 1821 l,
885 1752 929 1808 28.
950 1755 1012 1825 quin
1026 1756 1107 1808 etiarn

129 1836 233 1888 medear
249 1851 356 1886 causam
374 1841 402 1886 ut
419 1837 525 1901 qunque
537 1835 634 1902 egerit,
651 1837 713 1888 alite
726 1837 775 1890 erit
797 1839 870 1891 scire
903 1839 972 1892 Num
986 1841 1019 1892 ds
1032 1838 1107 1892 dossa

133 1920 221 1971 Cicero
237 1919 304 1971 dixit
320 1923 372 1968 cte.
408 1916 533 1984 Propert.
553 1917 588 1981 3,
608 1918 639 1983 1,
656 1916 700 1974 23.
725 1920 814 1971 amaia
833 1928 888 1990 port
911 1922 1004 1975 oldam
1019 1922 1107 1992 fingit

130 2003 235 2056 maiora
262 2007 380 2055 uetustus.
411 2025 446 2037 —-
478 2000 547 2052 nam
571 2002 628 2069 aad
659 2018 724 2069 equs
746 2003 837 2072 pulsus
864 2005 1107 2075 straganensem

132 2084 225 2139 meost

149 2199 205 2266 lll.
228 2205 257 2266 1.
280 2195 518 2264 Affirmationis
535 2200 599 2263 rim
620 2198 779 2285 particula
795 2199 896 2265 habet
909 2203 940 2266 ia
960 2203 1000 2266 iis
1016 2201 1109 2283 locis,
1161 2152 1286 2279 timidi
1297 2217 1304 2232 ·’

61 2286 233 2372 inquibus
257 2283 461 2369 grammatici
484 2284 594 2347 dicuat
618 2285 794 2349 transitum
815 2283 888 2350 fieri
909 2287 951 2350 ad
975 2299 1110 2353 contra·

15 2422 26 2451 ,
61 2373 112 2439 ria
127 2382 183 2436 sut
199 2392 299 2448 aava,
323 2368 464 2453 ideoque
484 2391 568 2433 nam
583 2391 646 2457 pro
670 2381 785 2433 nartem
807 2379 841 2432 et
863 2394 940 2436 vero
963 2374 1108 2461 positum

11 2480 20 2503 a
63 2467 194 2545 putent.
251 2455 437 2541 Exponitur
467 2455 553 2518 enirn
585 2478 638 2518 rcs
661 2453 879 2532 affirmando,
917 2458 1108 2543 etquidem

10 2578 12 2589 =
62 2542 187 2630 duplici
212 2543 348 2606 ratione.
389 2540 540 2603 Procedit
555 2540 641 2604 enim
665 2540 707 2616 is,
731 2541 787 2637 qui
809 2540 854 2604 ita
875 2540 1044 2627 loquitur,
1068 2541 1109 2608 nd

63 2650 155 2703 rem,
177 2648 281 2713 quac,
305 2645 405 2711 quum
429 2626 701 2710 acquiescendum
720 2627 866 2689 videatur
889 2627 921 2691 ia
945 2638 1039 2692 antea
1055 2629 1109 2691 di·

65 2714 144 2786 ctis.
166 2722 224 2776 aut
247 2713 281 2776 in
300 2734 335 2775 se
353 2710 428 2773 satis
446 2721 574 2774 constat
596 2721 627 2773 et
652 2731 713 2794 per
734 2734 768 2775 se
786 2711 993 2797 intelligitur,
1016 2712 1109 2777 ideo-

66 2820 130 2886 que
153 2798 258 2884 magis
288 2797 338 2861 vel
357 2797 432 2858 satis
446 2805 524 2873 nota
541 2807 667 2860 certare
684 2806 751 2876 est,
773 2807 909 2860 autnon
926 2798 1029 2882 magis
1046 2820 1108 2863 nec

10 2904 12 2917 ·
65 2883 243 2970 aequaliter
259 2892 307 2945 est
323 2879 554 2945 consideranda
571 2903 670 2966 quam
687 2905 733 2960 oa,
754 2901 837 2967 quae
852 2893 927 2946 ante
943 2892 1021 2945 sunt
1036 2902 1109 2946 me·

65 2978 205 3034 morata.
248 2966 296 3031 lta
315 2965 369 3040 lit,
390 2975 428 3029 nt
445 2967 552 3030 oratio
570 2977 627 3030 aut
647 2965 843 3031 adscendere
861 2978 915 3030 aut
933 2967 1110 3031 descende-

10 3120 12 3125 ,
66 3077 104 3119 re
127 3054 284 3119 videatur.
338 3050 374 3115 ln
403 3049 467 3114 illis
492 3049 694 3115 affirmantes
729 3053 908 3138 cogitamus
932 3073 1001 3115 non
1026 3072 1109 3137 opus
1177 3114 1184 3123 ,

10 3146 12 3197 t
68 3141 147 3204 esse'
159 3136 458 3225 demonstratione,
480 3135 580 3200 inhia
598 3137 704 3200 omitti
721 3158 819 3222 posse
837 3137 886 3201 vel
904 3137 1022 3200 debere
1037 3156 1111 3200 rem

10 3200 15 3291 l
67 3223 200 3289 aliunde
215 3222 391 3310 cognitam·
434 3219 487 3285 cf.
507 3222 661 3287 Matthiae
680 3221 720 3287 ad
737 3222 805 3285 Cic.
822 3245 854 3307 p.
870 3222 979 3286 Deiot.
997 3223 1110 3295 12³4.

66 3310 137 3375 Nos
170 3308 328 3373 Germani
359 3309 564 3391 assequimur
591 3306 675 3372 hanc
707 3305 773 3372 vim
801 3307 977 3393 particulae
1005 3306 1110 3370 verbis

60 3393 221 3486 sreila'clc,
242 3391 444 3478 allerclinga.
489 3391 553 3457 Sed
576 3396 641 3458 ism
657 3391 841 3457 Priscianus
865 3413 898 3478 p.
917 3395 1008 3456 1170.
1030 3411 1113 3455 num

68 3491 221 3545 numerat
243 3479 278 3542 in
302 3475 469 3563 particulis
494 3477 739 3543 confirmativis.
790 3477 894 3564 Saepe
916 3477 1011 3540 etiam
1061 3497 1095 3539 ra

21 3622 24 3627 .
70 3568 147 3630 rior
163 3575 209 3629 est
224 3565 281 3641 vis,
302 3574 341 3626 ut
359 3562 576 3647 intelligamus
591 3587 628 3628 re
645 3586 736 3637 vcra,
751 3559 922 3647 prosecta.-
947 3499 1112 3625 interdum

69 3649 195 3716 accedit
223 3650 350 3725 ironia,
390 3668 452 3731 qua
476 3646 614 3713 inferior
638 3669 689 3711 res
717 3647 893 3711 attollitur:
927 3647 982 3710 ubi
1006 3643 1112 3711 Latini

69 3736 187 3800 dicunt
208 3734 356 3807 scilicet,
386 3731 560 3796 nianirum.
615 3732 788 3819 Zumptius
822 3743 992 3818 comparat
1016 3751 1112 3818 gree-

69 3843 149 3887 cttm
168 3813 325 3903 sincipitis.

185 3937 241 3991 cio.
255 3938 290 3990 de
303 3938 370 4008 Leg.
386 3937 418 4002 2,
434 3937 486 4002 11,
503 3933 546 3988 28.
566 3936 626 3989 lene
640 3952 716 3998 vero,
734 3936 800 4002 quod
820 3935 907 3998 trare,
929 3934 1032 3996 Pictas,
1055 3929 1114 3982 Vir-

138 4031 200 4087 tus‚
218 4024 297 4075 Fidcs
319 4031 478 4076 consetrotar
499 4039 594 4074 manu.-
617 4037 728 4089 pannias
749 4019 861 4071 omniurn
881 4019 978 4070 Romae
996 4015 1115 4068 dedicata

138 4107 241 4176 publice
256 4109 354 4177 tempta
371 4114 444 4160 sunt:
461 4114 490 4159 ut
504 4106 551 4157 atta
565 4105 609 4173 qui
623 4105 734 4159 labem
753 4129 787 4144 ·-
803 4104 861 4157 dece
882 4103 954 4173 ipsas
973 4102 1000 4152 in
1021 4098 1116 4161 asinis
