<?xml version="1.0" encoding="UTF-8"?>
<!DOCTYPE html PUBLIC "-//W3C//DTD XHTML 1.0 Transitional//EN"
    "http://www.w3.org/TR/xhtml1/DTD/xhtml1-transitional.dtd">
<html xmlns="http://www.w3.org/1999/xhtml" xml:lang="en" lang="en">
 <head>
  <title>
</title>
<meta http-equiv="Content-Type" content="text/html;charset=utf-8" />
  <meta name='ocr-system' content='tesseract 3.04.00' />
  <meta name='ocr-capabilities' content='ocr_page ocr_carea ocr_par ocr_line ocrx_word'/>
</head>
<body>
  <div class='ocr_page' id='page_1' title='image "./tursellinusseud00handgoog_0093.png"; bbox 0 0 2662 4906; ppageno 0'>
   <div class='ocr_carea' id='block_1_1' title="bbox 82 285 831 391">
    <p class='ocr_par' dir='ltr' id='par_1_1' title="bbox 82 285 831 391">
     <span class='ocr_line' id='line_1_1' title="bbox 82 285 831 391; baseline -0.003 -35"><span class='ocrx_word' id='word_1_1' title='bbox 82 289 139 356; x_wconf 59' lang='lat' dir='ltr'><strong>:ea</strong></span> <span class='ocrx_word' id='word_1_2' title='bbox 428 304 446 315; x_wconf 89' lang='lat'><strong>··</strong></span> <span class='ocrx_word' id='word_1_3' title='bbox 471 285 572 356; x_wconf 78' lang='lat' dir='ltr'><strong>nac.</strong></span> <span class='ocrx_word' id='word_1_4' title='bbox 614 287 790 371; x_wconf 72' lang='lat' dir='ltr'><strong>nvom.-</strong></span> <span class='ocrx_word' id='word_1_5' title='bbox 829 386 831 391; x_wconf 16' lang='grc' dir='ltr'>Ι</span> 
     </span>
    </p>
   </div>
   <div class='ocr_carea' id='block_1_2' title="bbox 97 430 1159 867">
    <p class='ocr_par' dir='ltr' id='par_1_2' title="bbox 97 430 1159 867">
     <span class='ocr_line' id='line_1_2' title="bbox 97 430 1158 554; baseline -0.003 -29"><span class='ocrx_word' id='word_1_6' title='bbox 97 430 162 548; x_wconf 74' lang='lat' dir='ltr'><strong>ibai</strong></span> <span class='ocrx_word' id='word_1_7' title='bbox 179 456 288 533; x_wconf 87' lang='lat' dir='ltr'><strong>Latini</strong></span> <span class='ocrx_word' id='word_1_8' title='bbox 303 479 365 523; x_wconf 85' lang='lat' dir='ltr'><strong>nec</strong></span> <span class='ocrx_word' id='word_1_9' title='bbox 383 476 446 544; x_wconf 90' lang='lat' dir='ltr'><strong>pro</strong></span> <span class='ocrx_word' id='word_1_10' title='bbox 463 478 570 554; x_wconf 68' lang='lat' dir='ltr'><strong>neptis</strong></span> <span class='ocrx_word' id='word_1_11' title='bbox 593 456 815 544; x_wconf 82' lang='lat' dir='ltr'><strong>accipiebant.</strong></span> <span class='ocrx_word' id='word_1_12' title='bbox 839 456 941 543; x_wconf 89' lang='lat' dir='ltr'><strong>eique·</strong></span> <span class='ocrx_word' id='word_1_13' title='bbox 959 456 1052 535; x_wconf 85' lang='lat' dir='ltr'><strong>vim,</strong></span> <span class='ocrx_word' id='word_1_14' title='bbox 1075 476 1158 544; x_wconf 82' lang='lat' dir='ltr'><strong>qnae</strong></span> 
     </span>
     <span class='ocr_line' id='line_1_3' title="bbox 98 541 1158 635; baseline -0.002 -27"><span class='ocrx_word' id='word_1_15' title='bbox 98 544 280 635; x_wconf 87' lang='lat' dir='ltr'><strong>particulae</strong></span> <span class='ocrx_word' id='word_1_16' title='bbox 319 564 381 631; x_wconf 84' lang='lat' dir='ltr'><strong>qne</strong></span> <span class='ocrx_word' id='word_1_17' title='bbox 414 562 550 628; x_wconf 86' lang='lat' dir='ltr'><strong>proprra</strong></span> <span class='ocrx_word' id='word_1_18' title='bbox 583 553 650 623; x_wconf 88' lang='lat' dir='ltr'><strong>est,</strong></span> <span class='ocrx_word' id='word_1_19' title='bbox 687 541 888 607; x_wconf 74' lang='lat' dir='ltr'><strong>tribuebant.</strong></span> <span class='ocrx_word' id='word_1_20' title='bbox 950 544 1066 623; x_wconf 85' lang='lat' dir='ltr'><strong>Quare</strong></span> <span class='ocrx_word' id='word_1_21' title='bbox 1095 565 1158 617; x_wconf 84' lang='lat' dir='ltr'><strong>nos</strong></span> 
     </span>
     <span class='ocr_line' id='line_1_4' title="bbox 100 627 1159 718; baseline -0.004 -23"><span class='ocrx_word' id='word_1_22' title='bbox 100 628 273 718; x_wconf 72' lang='lat' dir='ltr'><strong>oportebit</strong></span> <span class='ocrx_word' id='word_1_23' title='bbox 286 638 319 692; x_wconf 92' lang='lat' dir='ltr'><strong>et</strong></span> <span class='ocrx_word' id='word_1_24' title='bbox 334 647 430 690; x_wconf 85' lang='lat' dir='ltr'><strong>usum</strong></span> <span class='ocrx_word' id='word_1_25' title='bbox 449 627 489 690; x_wconf 94' lang='lat' dir='ltr'><strong>ab</strong></span> <span class='ocrx_word' id='word_1_26' title='bbox 506 627 634 713; x_wconf 76' lang='lat' dir='ltr'><strong>origine</strong></span> <span class='ocrx_word' id='word_1_27' title='bbox 648 627 853 715; x_wconf 81' lang='lat' dir='ltr'><strong>distinguere</strong></span> <span class='ocrx_word' id='word_1_28' title='bbox 865 637 899 691; x_wconf 89' lang='lat' dir='ltr'><strong>et</strong></span> <span class='ocrx_word' id='word_1_29' title='bbox 915 648 952 690; x_wconf 90' lang='lat' dir='ltr'><strong>ea</strong></span> <span class='ocrx_word' id='word_1_30' title='bbox 971 627 1159 708; x_wconf 76' lang='lat' dir='ltr'><strong>observare,</strong></span> 
     </span>
     <span class='ocr_line' id='line_1_5' title="bbox 98 711 1159 802; baseline -0.003 -21"><span class='ocrx_word' id='word_1_31' title='bbox 98 717 136 783; x_wconf 93' lang='lat' dir='ltr'><strong>in</strong></span> <span class='ocrx_word' id='word_1_32' title='bbox 159 715 278 802; x_wconf 84' lang='lat' dir='ltr'><strong>quibus</strong></span> <span class='ocrx_word' id='word_1_33' title='bbox 302 712 460 800; x_wconf 90' lang='lat' dir='ltr'><strong>primaria</strong></span> <span class='ocrx_word' id='word_1_34' title='bbox 482 713 576 792; x_wconf 84' lang='lat' dir='ltr'><strong>notio</strong></span> <span class='ocrx_word' id='word_1_35' title='bbox 594 734 667 779; x_wconf 91' lang='lat' dir='ltr'><strong>non</strong></span> <span class='ocrx_word' id='word_1_36' title='bbox 692 715 871 798; x_wconf 82' lang='lat' dir='ltr'><strong>exstincta,</strong></span> <span class='ocrx_word' id='word_1_37' title='bbox 891 711 949 778; x_wconf 86' lang='lat' dir='ltr'><strong>sed</strong></span> <span class='ocrx_word' id='word_1_38' title='bbox 980 713 1159 789; x_wconf 82' lang='lat' dir='ltr'><strong>obscurata</strong></span> 
     </span>
     <span class='ocr_line' id='line_1_6' title="bbox 97 797 959 867; baseline -0.005 0"><span class='ocrx_word' id='word_1_39' title='bbox 97 822 169 867; x_wconf 77' lang='lat' dir='ltr'><strong>cccc</strong></span> <span class='ocrx_word' id='word_1_40' title='bbox 188 797 349 866; x_wconf 84' lang='lat' dir='ltr'><strong>videatur.</strong></span> <span class='ocrx_word' id='word_1_41' title='bbox 925 832 931 847; x_wconf 59' lang='grc' dir='ltr'><strong><em>ι</em></strong></span> <span class='ocrx_word' id='word_1_42' title='bbox 957 805 959 809; x_wconf 79' lang='grc'>’</span> 
     </span>
    </p>
   </div>
   <div class='ocr_carea' id='block_1_3' title="bbox 99 963 1174 1738">
    <p class='ocr_par' dir='ltr' id='par_1_3' title="bbox 99 963 1174 1738">
     <span class='ocr_line' id='line_1_7' title="bbox 146 963 1159 1055; baseline -0.006 -22"><span class='ocrx_word' id='word_1_43' title='bbox 146 1004 148 1009; x_wconf 87' lang='grc'><strong><em>·</em></strong></span> <span class='ocrx_word' id='word_1_44' title='bbox 183 964 256 1047; x_wconf 85' lang='lat' dir='ltr'><strong>Ne,</strong></span> <span class='ocrx_word' id='word_1_45' title='bbox 278 966 391 1055; x_wconf 91' lang='lat' dir='ltr'><strong>qnod,</strong></span> <span class='ocrx_word' id='word_1_46' title='bbox 416 978 453 1033; x_wconf 91' lang='lat' dir='ltr'><strong>ut</strong></span> <span class='ocrx_word' id='word_1_47' title='bbox 476 967 790 1046; x_wconf 82' lang='lat' dir='ltr'><strong>demonstravimus,</strong></span> <span class='ocrx_word' id='word_1_48' title='bbox 813 966 1033 1044; x_wconf 83' lang='lat' dir='ltr'><strong>maioriaum</strong></span> <span class='ocrx_word' id='word_1_49' title='bbox 1048 963 1083 1027; x_wconf 87' lang='lat' dir='ltr'><strong>vi</strong></span> <span class='ocrx_word' id='word_1_50' title='bbox 1099 985 1159 1031; x_wconf 86' lang='lat' dir='ltr'><strong>nc·</strong></span> 
     </span>
     <span class='ocr_line' id='line_1_8' title="bbox 100 1048 1157 1142; baseline -0.008 -23"><span class='ocrx_word' id='word_1_51' title='bbox 100 1063 174 1142; x_wconf 80' lang='lat' dir='ltr'><strong>gat,</strong></span> <span class='ocrx_word' id='word_1_52' title='bbox 197 1063 230 1116; x_wconf 91' lang='lat' dir='ltr'><strong>et</strong></span> <span class='ocrx_word' id='word_1_53' title='bbox 246 1052 336 1118; x_wconf 86' lang='lat' dir='ltr'><strong>idem</strong></span> <span class='ocrx_word' id='word_1_54' title='bbox 353 1054 506 1140; x_wconf 87' lang='lat' dir='ltr'><strong>estquod</strong></span> <span class='ocrx_word' id='word_1_55' title='bbox 523 1049 582 1136; x_wconf 69' lang='grc' dir='ltr'><strong>μή,</strong></span> <span class='ocrx_word' id='word_1_56' title='bbox 602 1056 754 1119; x_wconf 84' lang='lat' dir='ltr'><strong>assumsit</strong></span> <span class='ocrx_word' id='word_1_57' title='bbox 770 1054 914 1118; x_wconf 88' lang='lat' dir='ltr'><strong>litteram</strong></span> <span class='ocrx_word' id='word_1_58' title='bbox 931 1072 1036 1116; x_wconf 87' lang='lat' dir='ltr'><strong>onon</strong></span> <span class='ocrx_word' id='word_1_59' title='bbox 1053 1048 1157 1113; x_wconf 89' lang='lat' dir='ltr'><strong>modo</strong></span> 
     </span>
     <span class='ocr_line' id='line_1_9' title="bbox 101 1133 1158 1216; baseline -0.007 -12"><span class='ocrx_word' id='word_1_60' title='bbox 101 1137 142 1204; x_wconf 85' lang='lat' dir='ltr'><strong>ad</strong></span> <span class='ocrx_word' id='word_1_61' title='bbox 169 1137 453 1204; x_wconf 75' lang='lat' dir='ltr'><strong>corroborandam</strong></span> <span class='ocrx_word' id='word_1_62' title='bbox 479 1161 612 1216; x_wconf 90' lang='lat' dir='ltr'><strong>vocem,</strong></span> <span class='ocrx_word' id='word_1_63' title='bbox 645 1151 701 1203; x_wconf 90' lang='lat' dir='ltr'><strong>aut</strong></span> <span class='ocrx_word' id='word_1_64' title='bbox 725 1138 764 1203; x_wconf 89' lang='lat' dir='ltr'><strong>nd</strong></span> <span class='ocrx_word' id='word_1_65' title='bbox 795 1139 985 1203; x_wconf 88' lang='lat' dir='ltr'><strong>evitandum</strong></span> <span class='ocrx_word' id='word_1_66' title='bbox 1018 1133 1158 1213; x_wconf 86' lang='lat' dir='ltr'><strong>hiatum,</strong></span> 
     </span>
     <span class='ocr_line' id='line_1_10' title="bbox 101 1220 1174 1312; baseline -0.006 -23"><span class='ocrx_word' id='word_1_67' title='bbox 101 1223 160 1289; x_wconf 85' lang='lat' dir='ltr'><strong>eod</strong></span> <span class='ocrx_word' id='word_1_68' title='bbox 175 1245 252 1288; x_wconf 87' lang='lat' dir='ltr'><strong>cnm</strong></span> <span class='ocrx_word' id='word_1_69' title='bbox 266 1224 515 1312; x_wconf 82' lang='lat' dir='ltr'><strong>significationis</strong></span> <span class='ocrx_word' id='word_1_70' title='bbox 534 1225 751 1289; x_wconf 89' lang='lat' dir='ltr'><strong>incremento.</strong></span> <span class='ocrx_word' id='word_1_71' title='bbox 793 1223 854 1288; x_wconf 79' lang='lat' dir='ltr'><strong>Est</strong></span> <span class='ocrx_word' id='word_1_72' title='bbox 877 1225 966 1288; x_wconf 91' lang='lat' dir='ltr'><strong>enim</strong></span> <span class='ocrx_word' id='word_1_73' title='bbox 990 1220 1076 1285; x_wconf 91' lang='lat' dir='ltr'><strong>illud</strong></span> <span class='ocrx_word' id='word_1_74' title='bbox 1102 1220 1174 1284; x_wconf 90' lang='lat' dir='ltr'><strong>de-·</strong></span> 
     </span>
     <span class='ocr_line' id='line_1_11' title="bbox 99 1309 1158 1396; baseline -0.008 -20"><span class='ocrx_word' id='word_1_75' title='bbox 99 1310 357 1376; x_wconf 74' lang='lat' dir='ltr'><strong>monstrativum</strong></span> <span class='ocrx_word' id='word_1_76' title='bbox 382 1332 438 1389; x_wconf 91' lang='lat' dir='ltr'><strong>ce,</strong></span> <span class='ocrx_word' id='word_1_77' title='bbox 462 1310 552 1396; x_wconf 88' lang='lat' dir='ltr'><strong>qaod</strong></span> <span class='ocrx_word' id='word_1_78' title='bbox 575 1309 672 1372; x_wconf 89' lang='lat' dir='ltr'><strong>etiam</strong></span> <span class='ocrx_word' id='word_1_79' title='bbox 695 1311 728 1375; x_wconf 92' lang='lat' dir='ltr'><strong>in</strong></span> <span class='ocrx_word' id='word_1_80' title='bbox 750 1309 840 1385; x_wconf 81' lang='lat' dir='ltr'><strong>illic,</strong></span> <span class='ocrx_word' id='word_1_81' title='bbox 859 1309 927 1380; x_wconf 81' lang='lat' dir='ltr'><strong>sic,</strong></span> <span class='ocrx_word' id='word_1_82' title='bbox 946 1319 1047 1386; x_wconf 82' lang='lat' dir='ltr'><strong>tunc,</strong></span> <span class='ocrx_word' id='word_1_83' title='bbox 1071 1328 1158 1370; x_wconf 78' lang='lat' dir='ltr'><strong>ntiae</strong></span> 
     </span>
     <span class='ocr_line' id='line_1_12' title="bbox 102 1390 1159 1483; baseline -0.005 -24"><span class='ocrx_word' id='word_1_84' title='bbox 102 1406 257 1483; x_wconf 84' lang='lat' dir='ltr'><strong>apparet:</strong></span> <span class='ocrx_word' id='word_1_85' title='bbox 279 1417 387 1481; x_wconf 88' lang='lat' dir='ltr'><strong>neque</strong></span> <span class='ocrx_word' id='word_1_86' title='bbox 405 1405 513 1482; x_wconf 89' lang='lat' dir='ltr'><strong>potest</strong></span> <span class='ocrx_word' id='word_1_87' title='bbox 527 1416 681 1481; x_wconf 85' lang='lat' dir='ltr'><strong>graecum</strong></span> <span class='ocrx_word' id='word_1_88' title='bbox 703 1392 758 1460; x_wconf 73' lang='lat' dir='ltr'><strong>eda</strong></span> <span class='ocrx_word' id='word_1_89' title='bbox 779 1393 982 1481; x_wconf 87' lang='lat' dir='ltr'><strong>comparari,</strong></span> <span class='ocrx_word' id='word_1_90' title='bbox 1007 1391 1102 1478; x_wconf 85' lang='lat' dir='ltr'><strong>qnod</strong></span> <span class='ocrx_word' id='word_1_91' title='bbox 1126 1390 1159 1455; x_wconf 92' lang='lat' dir='ltr'><strong>ia</strong></span> 
     </span>
     <span class='ocr_line' id='line_1_13' title="bbox 101 1477 1159 1569; baseline -0.004 -25"><span class='ocrx_word' id='word_1_92' title='bbox 101 1477 141 1544; x_wconf 82' lang='lat' dir='ltr'><strong>acl</strong></span> <span class='ocrx_word' id='word_1_93' title='bbox 164 1481 286 1544; x_wconf 76' lang='lat' dir='ltr'><strong>emittit</strong></span> <span class='ocrx_word' id='word_1_94' title='bbox 306 1479 450 1546; x_wconf 89' lang='lat' dir='ltr'><strong>litteram</strong></span> <span class='ocrx_word' id='word_1_95' title='bbox 473 1481 693 1569; x_wconf 74' lang='lat' dir='ltr'><strong>primitivam,</strong></span> <span class='ocrx_word' id='word_1_96' title='bbox 723 1479 823 1547; x_wconf 86' lang='lat' dir='ltr'><strong>veluti</strong></span> <span class='ocrx_word' id='word_1_97' title='bbox 846 1502 887 1544; x_wconf 79' lang='lat' dir='ltr'><strong>ex</strong></span> <span class='ocrx_word' id='word_1_98' title='bbox 918 1478 953 1543; x_wconf 90' lang='lat' dir='ltr'><strong>in</strong></span> <span class='ocrx_word' id='word_1_99' title='bbox 983 1500 1023 1559; x_wconf 85' lang='lat' dir='ltr'><strong>e,</strong></span> <span class='ocrx_word' id='word_1_100' title='bbox 1052 1497 1159 1563; x_wconf 89' lang='lat' dir='ltr'><strong>neque</strong></span> 
     </span>
     <span class='ocr_line' id='line_1_14' title="bbox 101 1562 1158 1651; baseline -0.004 -22"><span class='ocrx_word' id='word_1_101' title='bbox 101 1566 222 1648; x_wconf 68' lang='grc' dir='ltr'><strong>μηκέτι,</strong></span> <span class='ocrx_word' id='word_1_102' title='bbox 250 1565 341 1651; x_wconf 89' lang='lat' dir='ltr'><strong>quod</strong></span> <span class='ocrx_word' id='word_1_103' title='bbox 365 1587 406 1629; x_wconf 88' lang='lat' dir='ltr'><strong>cx</strong></span> <span class='ocrx_word' id='word_1_104' title='bbox 428 1566 534 1629; x_wconf 90' lang='lat' dir='ltr'><strong>verbis</strong></span> <span class='ocrx_word' id='word_1_105' title='bbox 559 1562 600 1647; x_wconf 71' lang='grc' dir='ltr'><strong>μὴ</strong></span> <span class='ocrx_word' id='word_1_106' title='bbox 624 1562 722 1629; x_wconf 78' lang='grc' dir='ltr'><strong><em>οὐκέτι</em></strong></span> <span class='ocrx_word' id='word_1_107' title='bbox 747 1564 921 1628; x_wconf 81' lang='lat' dir='ltr'><strong>contractis</strong></span> <span class='ocrx_word' id='word_1_108' title='bbox 945 1573 1064 1628; x_wconf 85' lang='lat' dir='ltr'><strong>natum</strong></span> <span class='ocrx_word' id='word_1_109' title='bbox 1091 1582 1158 1626; x_wconf 84' lang='lat' dir='ltr'><strong>essa</strong></span> 
     </span>
     <span class='ocr_line' id='line_1_15' title="bbox 101 1647 1159 1738; baseline -0.005 -22"><span class='ocrx_word' id='word_1_110' title='bbox 101 1673 172 1716; x_wconf 90' lang='lat' dir='ltr'><strong>non</strong></span> <span class='ocrx_word' id='word_1_111' title='bbox 190 1651 262 1715; x_wconf 83' lang='lat' dir='ltr'><strong>eine</strong></span> <span class='ocrx_word' id='word_1_112' title='bbox 283 1650 427 1717; x_wconf 87' lang='lat' dir='ltr'><strong>veritatis</strong></span> <span class='ocrx_word' id='word_1_113' title='bbox 443 1651 551 1738; x_wconf 87' lang='lat' dir='ltr'><strong>specie</strong></span> <span class='ocrx_word' id='word_1_114' title='bbox 574 1652 730 1736; x_wconf 89' lang='lat' dir='ltr'><strong>opinatur</strong></span> <span class='ocrx_word' id='word_1_115' title='bbox 750 1650 981 1716; x_wconf 83' lang='lat' dir='ltr'><strong>Buttmannne.</strong></span> <span class='ocrx_word' id='word_1_116' title='bbox 1025 1647 1159 1723; x_wconf 82' lang='lat' dir='ltr'><strong>Etenim</strong></span> 
     </span>
    </p>
   </div>
   <div class='ocr_carea' id='block_1_4' title="bbox 48 1732 1158 1822">
    <p class='ocr_par' dir='ltr' id='par_1_4' title="bbox 48 1732 1158 1822">
     <span class='ocr_line' id='line_1_16' title="bbox 48 1732 1158 1822; baseline -0.003 -22"><span class='ocrx_word' id='word_1_117' title='bbox 48 1810 51 1815; x_wconf 25' lang='lat'>¹</span> <span class='ocrx_word' id='word_1_118' title='bbox 102 1757 160 1819; x_wconf 76' lang='lat' dir='ltr'><strong>ea,</strong></span> <span class='ocrx_word' id='word_1_119' title='bbox 184 1757 362 1822; x_wconf 83' lang='lat' dir='ltr'><strong>quaecum</strong></span> <span class='ocrx_word' id='word_1_120' title='bbox 386 1736 455 1800; x_wconf 81' lang='lat' dir='ltr'><strong>aliis</strong></span> <span class='ocrx_word' id='word_1_121' title='bbox 469 1737 693 1822; x_wconf 83' lang='lat' dir='ltr'><strong>grammaticis</strong></span> <span class='ocrx_word' id='word_1_122' title='bbox 715 1736 813 1800; x_wconf 87' lang='lat' dir='ltr'><strong>etiam</strong></span> <span class='ocrx_word' id='word_1_123' title='bbox 830 1734 1030 1821; x_wconf 83' lang='lat' dir='ltr'><strong>Hartungius</strong></span> <span class='ocrx_word' id='word_1_124' title='bbox 1058 1756 1093 1821; x_wconf 88' lang='lat' dir='ltr'><strong>p.</strong></span> <span class='ocrx_word' id='word_1_125' title='bbox 1108 1732 1158 1798; x_wconf 83' lang='lat'><strong>90.</strong></span> 
     </span>
    </p>
   </div>
   <div class='ocr_carea' id='block_1_5' title="bbox 101 1817 1159 2174">
    <p class='ocr_par' dir='ltr' id='par_1_5' title="bbox 101 1817 1159 2174">
     <span class='ocr_line' id='line_1_17' title="bbox 101 1817 1159 1907; baseline -0.008 -20"><span class='ocrx_word' id='word_1_126' title='bbox 101 1821 135 1887; x_wconf 86' lang='lat' dir='ltr'>T</span> <span class='ocrx_word' id='word_1_127' title='bbox 137 1841 206 1886; x_wconf 88' lang='lat' dir='ltr'><strong>om.</strong></span> <span class='ocrx_word' id='word_1_128' title='bbox 223 1826 254 1885; x_wconf 83' lang='lat'><strong>2.</strong></span> <span class='ocrx_word' id='word_1_129' title='bbox 275 1821 319 1885; x_wconf 90' lang='lat' dir='ltr'><strong>ad</strong></span> <span class='ocrx_word' id='word_1_130' title='bbox 332 1821 561 1907; x_wconf 79' lang='lat' dir='ltr'><strong>explicandam</strong></span> <span class='ocrx_word' id='word_1_131' title='bbox 580 1820 723 1886; x_wconf 79' lang='lat' dir='ltr'><strong>litteram</strong></span> <span class='ocrx_word' id='word_1_132' title='bbox 738 1844 756 1884; x_wconf 90' lang='lat' dir='ltr'><strong>c</strong></span> <span class='ocrx_word' id='word_1_133' title='bbox 774 1819 881 1899; x_wconf 75' lang='lat' dir='ltr'><strong>alTert,</strong></span> <span class='ocrx_word' id='word_1_134' title='bbox 897 1817 1159 1903; x_wconf 70' lang='lat' dir='ltr'><strong>vocubulasiqn-</strong></span> 
     </span>
     <span class='ocr_line' id='line_1_18' title="bbox 102 1901 1159 1994; baseline -0.004 -24"><span class='ocrx_word' id='word_1_135' title='bbox 102 1902 158 1987; x_wconf 81' lang='lat' dir='ltr'><strong>bi,</strong></span> <span class='ocrx_word' id='word_1_136' title='bbox 189 1904 561 1985; x_wconf 68' lang='lat' dir='ltr'><strong>abciebi‚ntienis11nt</strong></span> <span class='ocrx_word' id='word_1_137' title='bbox 583 1906 729 1994; x_wconf 83' lang='lat' dir='ltr'><strong>generis:</strong></span> <span class='ocrx_word' id='word_1_138' title='bbox 764 1905 845 1969; x_wconf 88' lang='lat' dir='ltr'><strong>illud</strong></span> <span class='ocrx_word' id='word_1_139' title='bbox 872 1927 914 1969; x_wconf 86' lang='lat' dir='ltr'><strong>cx</strong></span> <span class='ocrx_word' id='word_1_140' title='bbox 945 1904 979 1967; x_wconf 84' lang='lat' dir='ltr'><strong>ai</strong></span> <span class='ocrx_word' id='word_1_141' title='bbox 1005 1926 1073 1991; x_wconf 74' lang='lat' dir='ltr'><strong>qvae</strong></span> <span class='ocrx_word' id='word_1_142' title='bbox 1093 1901 1159 1982; x_wconf 85' lang='lat' dir='ltr'><strong>ubi,</strong></span> 
     </span>
     <span class='ocr_line' id='line_1_19' title="bbox 101 1989 1159 2079; baseline -0.006 -23"><span class='ocrx_word' id='word_1_143' title='bbox 101 1990 169 2056; x_wconf 87' lang='lat' dir='ltr'><strong>hoc</strong></span> <span class='ocrx_word' id='word_1_144' title='bbox 186 2012 228 2055; x_wconf 86' lang='lat' dir='ltr'><strong>ex</strong></span> <span class='ocrx_word' id='word_1_145' title='bbox 244 1992 358 2079; x_wconf 82' lang='lat' dir='ltr'><strong>alique</strong></span> <span class='ocrx_word' id='word_1_146' title='bbox 373 1989 432 2055; x_wconf 83' lang='lat' dir='ltr'><strong>ubi</strong></span> <span class='ocrx_word' id='word_1_147' title='bbox 446 1989 579 2057; x_wconf 84' lang='lat' dir='ltr'><strong>factam.</strong></span> <span class='ocrx_word' id='word_1_148' title='bbox 624 1989 688 2054; x_wconf 89' lang='lat' dir='ltr'><strong>Sed</strong></span> <span class='ocrx_word' id='word_1_149' title='bbox 707 1991 811 2054; x_wconf 83' lang='lat' dir='ltr'><strong>Latini</strong></span> <span class='ocrx_word' id='word_1_150' title='bbox 837 1989 1070 2077; x_wconf 86' lang='lat' dir='ltr'><strong>gradationem</strong></span> <span class='ocrx_word' id='word_1_151' title='bbox 1093 1998 1159 2051; x_wconf 85' lang='lat' dir='ltr'><strong>sta-</strong></span> 
     </span>
     <span class='ocr_line' id='line_1_20' title="bbox 102 2074 1159 2174; baseline -0.004 -33"><span class='ocrx_word' id='word_1_152' title='bbox 102 2085 240 2141; x_wconf 89' lang='lat' dir='ltr'><strong>tuerunt</strong></span> <span class='ocrx_word' id='word_1_153' title='bbox 263 2077 298 2141; x_wconf 92' lang='lat' dir='ltr'><strong>in</strong></span> <span class='ocrx_word' id='word_1_154' title='bbox 321 2076 550 2162; x_wconf 84' lang='lat' dir='ltr'><strong>negationibus</strong></span> <span class='ocrx_word' id='word_1_155' title='bbox 579 2076 809 2162; x_wconf 85' lang='lat' dir='ltr'><strong>multiplicem.</strong></span> <span class='ocrx_word' id='word_1_156' title='bbox 853 2074 938 2139; x_wconf 85' lang='lat' dir='ltr'><strong>Nam</strong></span> <span class='ocrx_word' id='word_1_157' title='bbox 961 2097 1006 2139; x_wconf 83' lang='lat' dir='ltr'><strong>ne</strong></span> <span class='ocrx_word' id='word_1_158' title='bbox 1028 2074 1159 2174; x_wconf 67' lang='lat' dir='ltr'><strong>gpavior</strong></span> 
     </span>
    </p>
   </div>
   <div class='ocr_carea' id='block_1_6' title="bbox 26 2160 1160 2248">
    <p class='ocr_par' dir='ltr' id='par_1_6' title="bbox 26 2160 1160 2248">
     <span class='ocr_line' id='line_1_21' title="bbox 26 2160 1160 2248; baseline -0.004 -22"><span class='ocrx_word' id='word_1_159' title='bbox 26 2222 35 2231; x_wconf 91' lang='grc'><strong>,</strong></span> <span class='ocrx_word' id='word_1_160' title='bbox 104 2171 155 2226; x_wconf 86' lang='lat' dir='ltr'><strong>est</strong></span> <span class='ocrx_word' id='word_1_161' title='bbox 174 2182 272 2248; x_wconf 88' lang='lat' dir='ltr'><strong>quam</strong></span> <span class='ocrx_word' id='word_1_162' title='bbox 290 2184 377 2242; x_wconf 84' lang='lat' dir='ltr'><strong>non,</strong></span> <span class='ocrx_word' id='word_1_163' title='bbox 402 2184 464 2224; x_wconf 85' lang='lat' dir='ltr'><strong>nec</strong></span> <span class='ocrx_word' id='word_1_164' title='bbox 482 2160 578 2224; x_wconf 90' lang='lat' dir='ltr'><strong>etiam</strong></span> <span class='ocrx_word' id='word_1_165' title='bbox 605 2163 737 2247; x_wconf 87' lang='lat' dir='ltr'><strong>gravior</strong></span> <span class='ocrx_word' id='word_1_166' title='bbox 760 2183 859 2247; x_wconf 67' lang='lat' dir='ltr'><strong>(piram</strong></span> <span class='ocrx_word' id='word_1_167' title='bbox 881 2183 941 2231; x_wconf 83' lang='lat' dir='ltr'><strong>ae,</strong></span> <span class='ocrx_word' id='word_1_168' title='bbox 966 2181 1160 2244; x_wconf 77' lang='lat' dir='ltr'><strong>gravissima</strong></span> 
     </span>
    </p>
   </div>
   <div class='ocr_carea' id='block_1_7' title="bbox 8 3620 32 3675">
    <p class='ocr_par' dir='ltr' id='par_1_7' title="bbox 8 3620 32 3675">
     <span class='ocr_line' id='line_1_22' title="bbox 8 3620 32 3675; baseline 0 0"><span class='ocrx_word' id='word_1_169' title='bbox 8 3620 32 3675; x_wconf 59' lang='lat' dir='ltr'><strong>“a</strong></span> 
     </span>
    </p>
   </div>
   <div class='ocr_carea' id='block_1_8' title="bbox 103 2245 1202 3183">
    <p class='ocr_par' dir='ltr' id='par_1_8' title="bbox 103 2245 1202 3183">
     <span class='ocr_line' id='line_1_23' title="bbox 104 2245 1160 2333; baseline -0.002 -22"><span class='ocrx_word' id='word_1_170' title='bbox 104 2269 202 2312; x_wconf 83' lang='lat' dir='ltr'><strong>nc-</strong></span> <span class='ocrx_word' id='word_1_171' title='bbox 218 2246 374 2333; x_wconf 74' lang='lat' dir='ltr'><strong>paridem,</strong></span> <span class='ocrx_word' id='word_1_172' title='bbox 396 2267 622 2333; x_wconf 78' lang='lat' dir='ltr'><strong>neqrraqnnm.</strong></span> <span class='ocrx_word' id='word_1_173' title='bbox 662 2251 768 2332; x_wconf 75' lang='lat' dir='ltr'><strong>Atque</strong></span> <span class='ocrx_word' id='word_1_174' title='bbox 791 2245 904 2310; x_wconf 82' lang='lat' dir='ltr'><strong>eadem</strong></span> <span class='ocrx_word' id='word_1_175' title='bbox 922 2246 1074 2317; x_wconf 81' lang='lat' dir='ltr'><strong>ratione,</strong></span> <span class='ocrx_word' id='word_1_176' title='bbox 1099 2267 1160 2327; x_wconf 83' lang='lat' dir='ltr'><strong>qua</strong></span> 
     </span>
     <span class='ocr_line' id='line_1_24' title="bbox 103 2328 1159 2416; baseline -0.004 -19"><span class='ocrx_word' id='word_1_177' title='bbox 103 2354 166 2397; x_wconf 80' lang='lat' dir='ltr'><strong>aec</strong></span> <span class='ocrx_word' id='word_1_178' title='bbox 186 2328 372 2407; x_wconf 77' lang='lat' dir='ltr'><strong>formatur,</strong></span> <span class='ocrx_word' id='word_1_179' title='bbox 396 2329 687 2395; x_wconf 81' lang='lat' dir='ltr'><strong>demonstrativam</strong></span> <span class='ocrx_word' id='word_1_180' title='bbox 709 2331 899 2416; x_wconf 88' lang='lat' dir='ltr'><strong>particulam</strong></span> <span class='ocrx_word' id='word_1_181' title='bbox 916 2330 1035 2393; x_wconf 86' lang='lat' dir='ltr'><strong>Graeci</strong></span> <span class='ocrx_word' id='word_1_182' title='bbox 1064 2329 1159 2394; x_wconf 89' lang='lat' dir='ltr'><strong>adhi-</strong></span> 
     </span>
     <span class='ocr_line' id='line_1_25' title="bbox 103 2413 1162 2502; baseline -0.002 -21"><span class='ocrx_word' id='word_1_183' title='bbox 103 2416 183 2481; x_wconf 84' lang='lat' dir='ltr'><strong>bere</strong></span> <span class='ocrx_word' id='word_1_184' title='bbox 195 2413 393 2479; x_wconf 84' lang='lat' dir='ltr'><strong>solebantnd</strong></span> <span class='ocrx_word' id='word_1_185' title='bbox 412 2413 643 2479; x_wconf 84' lang='lat' dir='ltr'><strong>intendendam</strong></span> <span class='ocrx_word' id='word_1_186' title='bbox 658 2420 886 2502; x_wconf 80' lang='lat' dir='ltr'><strong>negationem:</strong></span> <span class='ocrx_word' id='word_1_187' title='bbox 907 2414 1065 2479; x_wconf 90' lang='lat' dir='ltr'><strong>dicebant</strong></span> <span class='ocrx_word' id='word_1_188' title='bbox 1074 2417 1162 2480; x_wconf 91' lang='lat' dir='ltr'><strong>enim</strong></span> 
     </span>
     <span class='ocr_line' id='line_1_26' title="bbox 104 2499 1163 2587; baseline -0.005 -20"><span class='ocrx_word' id='word_1_189' title='bbox 104 2499 177 2567; x_wconf 69' lang='lat' dir='ltr'><strong>oaldi</strong></span> <span class='ocrx_word' id='word_1_190' title='bbox 197 2548 206 2577; x_wconf 85' lang='lat'><strong>,</strong></span> <span class='ocrx_word' id='word_1_191' title='bbox 228 2501 262 2564; x_wconf 91' lang='lat' dir='ltr'><strong>in</strong></span> <span class='ocrx_word' id='word_1_192' title='bbox 283 2520 351 2586; x_wconf 91' lang='lat' dir='ltr'><strong>quo</strong></span> <span class='ocrx_word' id='word_1_193' title='bbox 368 2499 401 2563; x_wconf 74' lang='grc' dir='ltr'><strong>δὲ</strong></span> <span class='ocrx_word' id='word_1_194' title='bbox 416 2500 560 2563; x_wconf 87' lang='lat' dir='ltr'><strong>eiusdem</strong></span> <span class='ocrx_word' id='word_1_195' title='bbox 578 2511 627 2563; x_wconf 88' lang='lat' dir='ltr'><strong>est</strong></span> <span class='ocrx_word' id='word_1_196' title='bbox 642 2501 797 2587; x_wconf 83' lang='lat' dir='ltr'><strong>originis,</strong></span> <span class='ocrx_word' id='word_1_197' title='bbox 822 2502 873 2564; x_wconf 89' lang='lat' dir='ltr'><strong>cui</strong></span> <span class='ocrx_word' id='word_1_198' title='bbox 891 2501 1085 2585; x_wconf 85' lang='lat' dir='ltr'><strong>germanica</strong></span> <span class='ocrx_word' id='word_1_199' title='bbox 1103 2522 1163 2564; x_wconf 88' lang='lat' dir='ltr'><strong>vo·</strong></span> 
     </span>
     <span class='ocr_line' id='line_1_27' title="bbox 105 2582 1202 2670; baseline -0.004 -20"><span class='ocrx_word' id='word_1_200' title='bbox 105 2585 219 2651; x_wconf 88' lang='lat' dir='ltr'><strong>cabula</strong></span> <span class='ocrx_word' id='word_1_201' title='bbox 236 2583 303 2656; x_wconf 82' lang='lat' dir='ltr'><strong>da,</strong></span> <span class='ocrx_word' id='word_1_202' title='bbox 327 2582 406 2664; x_wconf 81' lang='lat' dir='ltr'><strong>der,</strong></span> <span class='ocrx_word' id='word_1_203' title='bbox 426 2584 552 2670; x_wconf 87' lang='lat' dir='ltr'><strong>aliaque</strong></span> <span class='ocrx_word' id='word_1_204' title='bbox 567 2584 744 2650; x_wconf 85' lang='lat' dir='ltr'><strong>debeatur:</strong></span> <span class='ocrx_word' id='word_1_205' title='bbox 766 2608 827 2651; x_wconf 83' lang='lat' dir='ltr'><strong>nec</strong></span> <span class='ocrx_word' id='word_1_206' title='bbox 844 2596 969 2650; x_wconf 87' lang='lat' dir='ltr'><strong>temere</strong></span> <span class='ocrx_word' id='word_1_207' title='bbox 986 2585 1087 2649; x_wconf 81' lang='lat' dir='ltr'><strong>verim</strong></span> <span class='ocrx_word' id='word_1_208' title='bbox 1103 2608 1164 2650; x_wconf 84' lang='lat' dir='ltr'><strong>nec</strong></span> <span class='ocrx_word' id='word_1_209' title='bbox 1198 2637 1202 2646; x_wconf 87' lang='lat'><em>.</em></span> 
     </span>
     <span class='ocr_line' id='line_1_28' title="bbox 106 2668 1162 2758; baseline -0.004 -21"><span class='ocrx_word' id='word_1_210' title='bbox 106 2671 256 2758; x_wconf 81' lang='lat' dir='ltr'><strong>opinans</strong></span> <span class='ocrx_word' id='word_1_211' title='bbox 271 2681 463 2754; x_wconf 86' lang='lat' dir='ltr'><strong>comparata</strong></span> <span class='ocrx_word' id='word_1_212' title='bbox 479 2681 556 2734; x_wconf 88' lang='lat' dir='ltr'><strong>sunt</strong></span> <span class='ocrx_word' id='word_1_213' title='bbox 574 2692 648 2734; x_wconf 88' lang='lat' dir='ltr'><strong>cum</strong></span> <span class='ocrx_word' id='word_1_214' title='bbox 677 2668 741 2735; x_wconf 74' lang='grc' dir='ltr'><strong>οὐδ’</strong></span> <span class='ocrx_word' id='word_1_215' title='bbox 768 2669 904 2754; x_wconf 81' lang='grc' dir='ltr'>οἰόμενος</span> <span class='ocrx_word' id='word_1_216' title='bbox 928 2671 1017 2757; x_wconf 88' lang='lat' dir='ltr'><strong>apud</strong></span> <span class='ocrx_word' id='word_1_217' title='bbox 1041 2671 1162 2735; x_wconf 88' lang='lat' dir='ltr'><strong>Xeno-</strong></span> 
     </span>
     <span class='ocr_line' id='line_1_29' title="bbox 105 2755 1164 2846; baseline -0.001 -26"><span class='ocrx_word' id='word_1_218' title='bbox 105 2755 268 2846; x_wconf 89' lang='lat' dir='ltr'><strong>phontem</strong></span> <span class='ocrx_word' id='word_1_219' title='bbox 297 2755 399 2820; x_wconf 89' lang='lat' dir='ltr'><strong>Mem.</strong></span> <span class='ocrx_word' id='word_1_220' title='bbox 424 2755 516 2819; x_wconf 89' lang='lat' dir='ltr'><strong>Socr.</strong></span> <span class='ocrx_word' id='word_1_221' title='bbox 541 2761 571 2832; x_wconf 72' lang='lat'><strong>8,</strong></span> <span class='ocrx_word' id='word_1_222' title='bbox 589 2760 618 2833; x_wconf 79' lang='lat'><strong>⁵,</strong></span> <span class='ocrx_word' id='word_1_223' title='bbox 634 2758 705 2820; x_wconf 48' lang='lat' dir='ltr'><strong>24st</strong></span> <span class='ocrx_word' id='word_1_224' title='bbox 730 2780 789 2820; x_wconf 92' lang='lat' dir='ltr'><strong>nec</strong></span> <span class='ocrx_word' id='word_1_225' title='bbox 812 2757 934 2821; x_wconf 80' lang='lat' dir='ltr'><strong>frustra</strong></span> <span class='ocrx_word' id='word_1_226' title='bbox 961 2757 1051 2820; x_wconf 78' lang='lat' dir='ltr'><strong>disee</strong></span> <span class='ocrx_word' id='word_1_227' title='bbox 1081 2757 1164 2820; x_wconf 88' lang='lat' dir='ltr'><strong>tabi·</strong></span> 
     </span>
     <span class='ocr_line' id='line_1_30' title="bbox 105 2780 1164 2930; baseline -0.001 -23"><span class='ocrx_word' id='word_1_228' title='bbox 105 2863 200 2914; x_wconf 86' lang='lat' dir='ltr'><strong>mus‚</strong></span> <span class='ocrx_word' id='word_1_229' title='bbox 222 2851 336 2904; x_wconf 88' lang='lat' dir='ltr'><strong>utrum</strong></span> <span class='ocrx_word' id='word_1_230' title='bbox 352 2842 439 2928; x_wconf 88' lang='lat' dir='ltr'><strong>apud</strong></span> <span class='ocrx_word' id='word_1_231' title='bbox 457 2840 622 2905; x_wconf 90' lang='lat' dir='ltr'><strong>Catullum</strong></span> <span class='ocrx_word' id='word_1_232' title='bbox 645 2843 854 2906; x_wconf 89' lang='lat' dir='ltr'><strong>scribendum</strong></span> <span class='ocrx_word' id='word_1_233' title='bbox 871 2844 913 2904; x_wconf 85' lang='lat' dir='ltr'><strong>sit</strong></span> <span class='ocrx_word' id='word_1_234' title='bbox 934 2780 1164 2930; x_wconf 76' lang='lat' dir='ltr'><strong>nec-slleeru</strong></span> 
     </span>
     <span class='ocr_line' id='line_1_31' title="bbox 107 2924 1202 3012; baseline -0.006 -18"><span class='ocrx_word' id='word_1_235' title='bbox 107 2936 150 2995; x_wconf 82' lang='lat' dir='ltr'><strong>im</strong></span> <span class='ocrx_word' id='word_1_236' title='bbox 177 2950 246 2991; x_wconf 84' lang='lat' dir='ltr'><strong>ne·</strong></span> <span class='ocrx_word' id='word_1_237' title='bbox 270 2948 399 2991; x_wconf 72' lang='lat' dir='ltr'><strong>venera.-</strong></span> <span class='ocrx_word' id='word_1_238' title='bbox 421 2936 598 3012; x_wconf 86' lang='lat' dir='ltr'><strong>utrumque</strong></span> <span class='ocrx_word' id='word_1_239' title='bbox 622 2925 705 2991; x_wconf 88' lang='lat' dir='ltr'><strong>bene</strong></span> <span class='ocrx_word' id='word_1_240' title='bbox 730 2951 764 2991; x_wconf 85' lang='lat' dir='ltr'><strong>se</strong></span> <span class='ocrx_word' id='word_1_241' title='bbox 789 2927 904 2991; x_wconf 85' lang='lat' dir='ltr'><strong>babet:</strong></span> <span class='ocrx_word' id='word_1_242' title='bbox 927 2924 983 2990; x_wconf 88' lang='lat' dir='ltr'><strong>sed</strong></span> <span class='ocrx_word' id='word_1_243' title='bbox 1009 2929 1097 2992; x_wconf 87' lang='lat' dir='ltr'><strong>iusta</strong></span> <span class='ocrx_word' id='word_1_244' title='bbox 1123 2929 1163 2990; x_wconf 92' lang='lat' dir='ltr'><strong>de</strong></span> <span class='ocrx_word' id='word_1_245' title='bbox 1200 2976 1202 2987; x_wconf 72' lang='grc'>,</span> 
     </span>
     <span class='ocr_line' id='line_1_32' title="bbox 107 3010 1164 3103; baseline -0.001 -26"><span class='ocrx_word' id='word_1_246' title='bbox 107 3033 220 3077; x_wconf 86' lang='lat' dir='ltr'><strong>caussa</strong></span> <span class='ocrx_word' id='word_1_247' title='bbox 238 3010 443 3103; x_wconf 70' lang='lat' dir='ltr'><strong>bcbueidero</strong></span> <span class='ocrx_word' id='word_1_248' title='bbox 461 3021 493 3072; x_wconf 89' lang='lat' dir='ltr'><strong>et</strong></span> <span class='ocrx_word' id='word_1_249' title='bbox 508 3010 708 3075; x_wconf 86' lang='lat' dir='ltr'><strong>Doederlino</strong></span> <span class='ocrx_word' id='word_1_250' title='bbox 731 3013 964 3098; x_wconf 76' lang='lat' dir='ltr'><strong>assentiemur,</strong></span> <span class='ocrx_word' id='word_1_251' title='bbox 988 3014 1046 3099; x_wconf 90' lang='lat' dir='ltr'><strong>qui</strong></span> <span class='ocrx_word' id='word_1_252' title='bbox 1072 3036 1164 3100; x_wconf 81' lang='lat' dir='ltr'><strong>nego</strong></span> 
     </span>
     <span class='ocr_line' id='line_1_33' title="bbox 106 3095 982 3183; baseline -0.002 -21"><span class='ocrx_word' id='word_1_253' title='bbox 106 3108 142 3163; x_wconf 85' lang='lat' dir='ltr'><strong>et</strong></span> <span class='ocrx_word' id='word_1_254' title='bbox 154 3119 237 3161; x_wconf 84' lang='lat' dir='ltr'><strong>neco</strong></span> <span class='ocrx_word' id='word_1_255' title='bbox 255 3097 299 3160; x_wconf 93' lang='lat' dir='ltr'><strong>ob</strong></span> <span class='ocrx_word' id='word_1_256' title='bbox 317 3119 381 3161; x_wconf 89' lang='lat' dir='ltr'><strong>una</strong></span> <span class='ocrx_word' id='word_1_257' title='bbox 397 3095 524 3183; x_wconf 86' lang='lat' dir='ltr'><strong>origine</strong></span> <span class='ocrx_word' id='word_1_258' title='bbox 540 3095 687 3161; x_wconf 87' lang='lat' dir='ltr'><strong>vocabuli</strong></span> <span class='ocrx_word' id='word_1_259' title='bbox 701 3120 762 3163; x_wconf 83' lang='lat' dir='ltr'><strong>nee</strong></span> <span class='ocrx_word' id='word_1_260' title='bbox 783 3098 982 3173; x_wconf 85' lang='lat' dir='ltr'><strong>derivarunt,</strong></span> 
     </span>
    </p>
   </div>
   <div class='ocr_carea' id='block_1_9' title="bbox 81 3264 1168 3690">
    <p class='ocr_par' dir='ltr' id='par_1_9' title="bbox 81 3264 1168 3690">
     <span class='ocr_line' id='line_1_34' title="bbox 191 3264 1165 3355; baseline 0.001 -25"><span class='ocrx_word' id='word_1_261' title='bbox 191 3264 287 3330; x_wconf 84' lang='lat' dir='ltr'><strong>Aliud</strong></span> <span class='ocrx_word' id='word_1_262' title='bbox 307 3286 428 3329; x_wconf 92' lang='lat' dir='ltr'><strong>nomen</strong></span> <span class='ocrx_word' id='word_1_263' title='bbox 454 3274 504 3329; x_wconf 85' lang='lat' dir='ltr'><strong>est</strong></span> <span class='ocrx_word' id='word_1_264' title='bbox 526 3288 630 3352; x_wconf 81' lang='lat' dir='ltr'><strong>neque</strong></span> <span class='ocrx_word' id='word_1_265' title='bbox 647 3288 688 3331; x_wconf 84' lang='lat' dir='ltr'><strong>ex</strong></span> <span class='ocrx_word' id='word_1_266' title='bbox 707 3277 798 3333; x_wconf 84' lang='lat' dir='ltr'><strong>nect</strong></span> <span class='ocrx_word' id='word_1_267' title='bbox 819 3290 879 3355; x_wconf 76' lang='lat' dir='ltr'><strong>qne</strong></span> <span class='ocrx_word' id='word_1_268' title='bbox 901 3265 1041 3333; x_wconf 86' lang='lat' dir='ltr'><strong>factum.</strong></span> <span class='ocrx_word' id='word_1_269' title='bbox 1092 3268 1165 3351; x_wconf 79' lang='lat' dir='ltr'><strong>One</strong></span> 
     </span>
     <span class='ocr_line' id='line_1_35' title="bbox 109 3352 1165 3440; baseline 0 -25"><span class='ocrx_word' id='word_1_270' title='bbox 109 3360 217 3415; x_wconf 88' lang='lat' dir='ltr'><strong>antem</strong></span> <span class='ocrx_word' id='word_1_271' title='bbox 241 3372 317 3414; x_wconf 87' lang='lat' dir='ltr'><strong>cnm</strong></span> <span class='ocrx_word' id='word_1_272' title='bbox 345 3353 418 3437; x_wconf 76' lang='lat' dir='ltr'><strong>qais</strong></span> <span class='ocrx_word' id='word_1_273' title='bbox 441 3361 636 3435; x_wconf 79' lang='lat' dir='ltr'><strong>cognatum,</strong></span> <span class='ocrx_word' id='word_1_274' title='bbox 674 3374 743 3416; x_wconf 90' lang='lat' dir='ltr'><strong>non</strong></span> <span class='ocrx_word' id='word_1_275' title='bbox 774 3354 876 3429; x_wconf 86' lang='lat' dir='ltr'><strong>modo</strong></span> <span class='ocrx_word' id='word_1_276' title='bbox 910 3354 1069 3440; x_wconf 87' lang='lat' dir='ltr'><strong>copulat,</strong></span> <span class='ocrx_word' id='word_1_277' title='bbox 1106 3352 1165 3417; x_wconf 89' lang='lat' dir='ltr'><strong>sed</strong></span> 
     </span>
     <span class='ocr_line' id='line_1_36' title="bbox 81 3436 1165 3520; baseline 0.008 -27"><span class='ocrx_word' id='word_1_278' title='bbox 81 3436 207 3500; x_wconf 76' lang='lat' dir='ltr'><strong>retiam</strong></span> <span class='ocrx_word' id='word_1_279' title='bbox 236 3459 297 3520; x_wconf 88' lang='lat' dir='ltr'><strong>per</strong></span> <span class='ocrx_word' id='word_1_280' title='bbox 315 3456 406 3510; x_wconf 78' lang='lat' dir='ltr'><strong>eam,</strong></span> <span class='ocrx_word' id='word_1_281' title='bbox 429 3458 509 3519; x_wconf 68' lang='lat' dir='ltr'><strong>quiae</strong></span> <span class='ocrx_word' id='word_1_282' title='bbox 536 3437 564 3500; x_wconf 91' lang='lat' dir='ltr'><strong>ei</strong></span> <span class='ocrx_word' id='word_1_283' title='bbox 589 3438 698 3501; x_wconf 89' lang='lat' dir='ltr'><strong>innata</strong></span> <span class='ocrx_word' id='word_1_284' title='bbox 725 3440 789 3516; x_wconf 76' lang='lat' dir='ltr'><strong>eat,</strong></span> <span class='ocrx_word' id='word_1_285' title='bbox 813 3439 983 3502; x_wconf 87' lang='lat' dir='ltr'><strong>relativam</strong></span> <span class='ocrx_word' id='word_1_286' title='bbox 1008 3449 1165 3502; x_wconf 88' lang='lat' dir='ltr'><strong>naturam</strong></span> 
     </span>
     <span class='ocr_line' id='line_1_37' title="bbox 108 3519 1168 3611; baseline 0.004 -27"><span class='ocrx_word' id='word_1_287' title='bbox 108 3521 293 3605; x_wconf 87' lang='lat' dir='ltr'><strong>aequationi</strong></span> <span class='ocrx_word' id='word_1_288' title='bbox 311 3519 463 3599; x_wconf 84' lang='lat' dir='ltr'><strong>inservit,</strong></span> <span class='ocrx_word' id='word_1_289' title='bbox 487 3524 533 3584; x_wconf 90' lang='lat' dir='ltr'><strong>nti</strong></span> <span class='ocrx_word' id='word_1_290' title='bbox 550 3522 688 3586; x_wconf 85' lang='lat' dir='ltr'><strong>vidimus</strong></span> <span class='ocrx_word' id='word_1_291' title='bbox 706 3525 738 3587; x_wconf 88' lang='lat' dir='ltr'><strong>in</strong></span> <span class='ocrx_word' id='word_1_292' title='bbox 759 3524 810 3587; x_wconf 83' lang='lat' dir='ltr'><strong>ite</strong></span> <span class='ocrx_word' id='word_1_293' title='bbox 834 3546 885 3587; x_wconf 87' lang='lat' dir='ltr'><strong>ne.</strong></span> <span class='ocrx_word' id='word_1_294' title='bbox 930 3525 1044 3602; x_wconf 81' lang='lat' dir='ltr'><strong>Quare</strong></span> <span class='ocrx_word' id='word_1_295' title='bbox 1058 3546 1168 3611; x_wconf 83' lang='lat' dir='ltr'><strong>neque</strong></span> 
     </span>
     <span class='ocr_line' id='line_1_38' title="bbox 108 3547 1079 3690; baseline 0.004 -21"><span class='ocrx_word' id='word_1_296' title='bbox 108 3602 272 3690; x_wconf 83' lang='lat' dir='ltr'><strong>significat</strong></span> <span class='ocrx_word' id='word_1_297' title='bbox 287 3603 389 3667; x_wconf 90' lang='lat' dir='ltr'><strong>modo</strong></span> <span class='ocrx_word' id='word_1_298' title='bbox 405 3616 438 3668; x_wconf 85' lang='lat' dir='ltr'><strong>et</strong></span> <span class='ocrx_word' id='word_1_299' title='bbox 453 3628 495 3671; x_wconf 83' lang='lat' dir='ltr'><strong>ne</strong></span> <span class='ocrx_word' id='word_1_300' title='bbox 510 3608 577 3672; x_wconf 87' lang='lat' dir='ltr'><strong>sive</strong></span> <span class='ocrx_word' id='word_1_301' title='bbox 593 3619 626 3672; x_wconf 86' lang='lat' dir='ltr'><strong>et</strong></span> <span class='ocrx_word' id='word_1_302' title='bbox 640 3631 727 3684; x_wconf 82' lang='lat' dir='ltr'><strong>non,</strong></span> <span class='ocrx_word' id='word_1_303' title='bbox 751 3547 850 3673; x_wconf 67' lang='lat' dir='ltr'><strong>modo</strong></span> <span class='ocrx_word' id='word_1_304' title='bbox 872 3608 979 3673; x_wconf 84' lang='lat' dir='ltr'><strong>etiam</strong></span> <span class='ocrx_word' id='word_1_305' title='bbox 995 3631 1079 3673; x_wconf 83' lang='lat' dir='ltr'><strong>nen.</strong></span> 
     </span>
    </p>
   </div>
   <div class='ocr_carea' id='block_1_10' title="bbox 1 3726 1169 4186">
    <p class='ocr_par' dir='ltr' id='par_1_10' title="bbox 1 3726 1169 4186">
     <span class='ocr_line' id='line_1_39' title="bbox 194 3726 1169 3846; baseline 0.007 -26"><span class='ocrx_word' id='word_1_306' title='bbox 194 3755 359 3821; x_wconf 85' lang='lat' dir='ltr'><strong>Habemus</strong></span> <span class='ocrx_word' id='word_1_307' title='bbox 389 3758 489 3846; x_wconf 89' lang='lat' dir='ltr'><strong>igitur</strong></span> <span class='ocrx_word' id='word_1_308' title='bbox 515 3758 594 3824; x_wconf 87' lang='lat' dir='ltr'><strong>duas</strong></span> <span class='ocrx_word' id='word_1_309' title='bbox 613 3759 759 3845; x_wconf 81' lang='lat' dir='ltr'><strong>formas,</strong></span> <span class='ocrx_word' id='word_1_310' title='bbox 790 3726 924 3824; x_wconf 67' lang='lat' dir='ltr'><strong>nltcrim</strong></span> <span class='ocrx_word' id='word_1_311' title='bbox 949 3761 1169 3829; x_wconf 52' lang='lat' dir='ltr'><strong>demonstra,</strong></span> 
     </span>
     <span class='ocr_line' id='line_1_40' title="bbox 109 3842 1169 3936; baseline 0.005 -29"><span class='ocrx_word' id='word_1_312' title='bbox 109 3842 209 3907; x_wconf 89' lang='lat' dir='ltr'><strong>tivam</strong></span> <span class='ocrx_word' id='word_1_313' title='bbox 234 3865 313 3921; x_wconf 85' lang='lat' dir='ltr'><strong>nec,</strong></span> <span class='ocrx_word' id='word_1_314' title='bbox 341 3843 473 3909; x_wconf 86' lang='lat' dir='ltr'><strong>alteram</strong></span> <span class='ocrx_word' id='word_1_315' title='bbox 496 3844 667 3911; x_wconf 63' lang='lat' dir='ltr'><strong>relativam</strong></span> <span class='ocrx_word' id='word_1_316' title='bbox 692 3868 815 3936; x_wconf 75' lang='lat' dir='ltr'><strong>neque,</strong></span> <span class='ocrx_word' id='word_1_317' title='bbox 845 3867 928 3929; x_wconf 71' lang='lat' dir='ltr'><strong>qliae</strong></span> <span class='ocrx_word' id='word_1_318' title='bbox 958 3870 1169 3934; x_wconf 87' lang='lat' dir='ltr'><strong>quamquam</strong></span> 
     </span>
     <span class='ocr_line' id='line_1_41' title="bbox 1 3910 1169 4025; baseline 0.004 -32"><span class='ocrx_word' id='word_1_319' title='bbox 1 3964 14 4025; x_wconf 58' lang='lat'><strong>4·</strong></span> <span class='ocrx_word' id='word_1_320' title='bbox 42 4007 46 4013; x_wconf 86' lang='lat'><em>.</em></span> <span class='ocrx_word' id='word_1_321' title='bbox 109 3929 146 3994; x_wconf 88' lang='lat' dir='ltr'><strong>ia</strong></span> <span class='ocrx_word' id='word_1_322' title='bbox 170 3910 300 3991; x_wconf 69' lang='lat' dir='ltr'><strong>miibls‘</strong></span> <span class='ocrx_word' id='word_1_323' title='bbox 313 3931 481 4015; x_wconf 92' lang='lat' dir='ltr'><strong>propriam</strong></span> <span class='ocrx_word' id='word_1_324' title='bbox 505 3931 565 3994; x_wconf 81' lang='lat' dir='ltr'><strong>eibi</strong></span> <span class='ocrx_word' id='word_1_325' title='bbox 590 3920 754 3995; x_wconf 66' lang='lat' dir='ltr'><strong>vindicant</strong></span> <span class='ocrx_word' id='word_1_326' title='bbox 780 3924 1076 4014; x_wconf 72' lang='lat' dir='ltr'><strong>significationem,</strong></span> <span class='ocrx_word' id='word_1_327' title='bbox 1114 3944 1169 3998; x_wconf 85' lang='lat' dir='ltr'><strong>te·</strong></span> 
     </span>
     <span class='ocr_line' id='line_1_42' title="bbox 16 4013 1169 4102; baseline 0.003 -26"><span class='ocrx_word' id='word_1_328' title='bbox 16 4014 36 4028; x_wconf 82' lang='grc'><em>”</em></span> <span class='ocrx_word' id='word_1_329' title='bbox 109 4033 188 4077; x_wconf 89' lang='lat' dir='ltr'><strong>mea</strong></span> <span class='ocrx_word' id='word_1_330' title='bbox 207 4034 275 4076; x_wconf 86' lang='lat' dir='ltr'><strong>non</strong></span> <span class='ocrx_word' id='word_1_331' title='bbox 301 4013 403 4076; x_wconf 90' lang='lat' dir='ltr'><strong>modo</strong></span> <span class='ocrx_word' id='word_1_332' title='bbox 427 4025 567 4102; x_wconf 90' lang='lat' dir='ltr'><strong>propter</strong></span> <span class='ocrx_word' id='word_1_333' title='bbox 592 4013 722 4081; x_wconf 83' lang='lat' dir='ltr'><strong>formae</strong></span> <span class='ocrx_word' id='word_1_334' title='bbox 741 4017 1011 4098; x_wconf 85' lang='lat' dir='ltr'><strong>similitudinem,</strong></span> <span class='ocrx_word' id='word_1_335' title='bbox 1035 4018 1095 4083; x_wconf 86' lang='lat' dir='ltr'><strong>sed</strong></span> <span class='ocrx_word' id='word_1_336' title='bbox 1120 4021 1169 4080; x_wconf 91' lang='lat' dir='ltr'><strong>ob</strong></span> 
     </span>
     <span class='ocr_line' id='line_1_43' title="bbox 110 4099 1169 4186; baseline 0.005 -22"><span class='ocrx_word' id='word_1_337' title='bbox 110 4100 218 4185; x_wconf 82' lang='lat' dir='ltr'><strong>ipsam</strong></span> <span class='ocrx_word' id='word_1_338' title='bbox 238 4099 473 4184; x_wconf 78' lang='lat' dir='ltr'><strong>cognationem</strong></span> <span class='ocrx_word' id='word_1_339' title='bbox 488 4099 584 4165; x_wconf 82' lang='lat' dir='ltr'><strong>facile</strong></span> <span class='ocrx_word' id='word_1_340' title='bbox 603 4109 756 4186; x_wconf 76' lang='lat' dir='ltr'><strong>poterant</strong></span> <span class='ocrx_word' id='word_1_341' title='bbox 782 4101 870 4166; x_wconf 88' lang='lat' dir='ltr'><strong>inter</strong></span> <span class='ocrx_word' id='word_1_342' title='bbox 887 4125 923 4167; x_wconf 89' lang='lat' dir='ltr'><strong>se</strong></span> <span class='ocrx_word' id='word_1_343' title='bbox 948 4107 1169 4182; x_wconf 82' lang='lat' dir='ltr'><strong>commutari,</strong></span> 
     </span>
    </p>
   </div>
   <div class='ocr_carea' id='block_1_11' title="bbox 0 0 1351 4906">
    <p class='ocr_par' dir='ltr' id='par_1_11' title="bbox 0 0 1351 4906">
     <span class='ocr_line' id='line_1_44' title="bbox 0 0 1351 4906; baseline 0 0"><span class='ocrx_word' id='word_1_344' title='bbox 0 0 1351 4906; x_wconf 95' lang='lat' dir='ltr'><strong> </strong></span> 
     </span>
    </p>
   </div>
  </div>
 </body>
</html>
