2662 4906
139 270 203 337 162
565 264 745 351 ,uuum

205 435 297 491 unus
311 433 386 491 nm.
408 434 444 489 ae
457 420 535 491 oin
556 433 599 490 ιο.
616 439 722 505 quain
744 437 814 491 nen
838 434 1034 489 ramim
1058 432 1196 488 musa„-

205 539 270 574 ssum
280 527 362 590 fama
375 523 402 575 in
418 529 503 578 totam
517 523 610 576 uatem
623 523 766 592 penetrat?
781 522 878 576 nedum
895 530 927 577 sst
940 525 1039 593 pentat
1050 519 1195 590 prouincias

205 606 362 661 mustoseat.

159 837 162 841 Ι
222 757 256 823 6.
287 755 323 822 ln
341 755 537 822 affirmativa
554 755 715 819 sententia
741 754 874 820 additur
894 774 955 841 per
979 746 1112 821 nedum
1137 775 1195 832 res,

51 878 55 891 ·
139 859 225 926 quaa
240 863 345 928 quum
363 865 422 931 per
443 864 480 906 se
501 851 590 907 certa
616 853 672 905 aut
695 843 869 930 perspicua
892 841 954 921 sit,
976 864 1019 908 ne
1042 839 1192 906 conside·

141 926 209 992 rari
232 928 367 1014 quidem
394 927 502 993 debet.
545 924 612 992 Sed
638 938 749 1005 erant,
776 929 853 1014 qui,
877 938 1048 992 auctorem
1073 927 1194 992 Mann-

139 1010 226 1077 tium
241 1015 391 1102 sequuti,
412 1037 431 1080 u
447 1013 606 1079 Cicerone
623 1012 750 1078 nedum
764 1035 931 1100 nusquam
953 1014 1102 1099 positum
1120 1035 1194 1095 esse,

141 1096 204 1162 nisi
220 1100 436 1185 praecedente
453 1099 648 1187 negatione,
669 1099 845 1176 docerent,
868 1099 1029 1185 ideoque,
1053 1099 1111 1164 ubi
1130 1122 1194 1164 noa

142 1202 297 1271 expressa
321 1197 424 1265 esset,
453 1194 574 1250 tectam
600 1184 744 1270 aliquam
765 1185 975 1271 negationem
1005 1185 1041 1248 in
1064 1195 1194 1250 autece-

144 1266 299 1336 dentibus
315 1272 421 1341 vesbis
438 1280 679 1359 supponerent.
723 1276 764 1334 At
780 1282 897 1335 natura
915 1269 1095 1358 particulae
1113 1282 1195 1336 reeta

144 1368 318 1502 perspecta
344 1357 471 1423 nullam
496 1356 635 1421 omniuo
667 1355 916 1444 ambiguitatem
939 1354 1072 1420 subesse
1104 1367 1196 1445 puta-

166 1461 265 1507 imus.

256 1559 316 1617 cie.
330 1562 365 1617 sd
378 1563 457 1617 Fam.
473 1560 500 1627 1,
515 1559 561 1625 28,
579 1558 607 1610 1.
625 1566 682 1611 erut
701 1558 769 1611 onim
790 1559 872 1612 matta
885 1559 1046 1612 domicilium
1060 1560 1141 1613 tata·
1154 1580 1196 1614 ss·

213 1644 253 1698 bis
269 1673 307 1688 -
323 1649 412 1718 aptius
430 1645 594 1700 humanitati
612 1650 639 1695 st
659 1643 876 1710 mentastrum,
894 1660 973 1713 quum
993 1651 1049 1698 tota
1071 1646 1196 1716 Pelopon-

213 1746 305 1799 nesus,
322 1734 417 1786 uadum
431 1734 541 1786 Patras·
575 1729 606 1782 lu
623 1728 676 1780 hoe
695 1728 806 1796 quidam
828 1730 889 1782 loeo
911 1726 1028 1796 eogitari
1050 1736 1139 1794 potest
1158 1739 1196 1784 to-

215 1818 272 1869 tum
290 1817 507 1886 Peloponnesum
527 1831 580 1867 nou
596 1817 690 1880 aptam
710 1812 804 1867 luisse.
837 1811 893 1865 Sed
913 1812 1042 1882 intellige
1058 1831 1090 1867 ns
1104 1817 1195 1883 disant,

213 1915 289 1968 gans
306 1903 453 1971 augusten
467 1919 517 1954 oon
533 1900 564 1952 Ρ.
597 1897 712 1951 Sallust.
727 1899 787 1952 eas.
801 1896 847 1961 11,
862 1896 889 1949 8.
908 1897 1002 1966 quippe
1015 1901 1146 1954 sanandas
1158 1920 1197 1955 ses

214 1985 373 2054 sapientius·
387 1987 488 2040 unimus
498 1986 640 2055 fatigant,
657 1984 754 2036 nedum
772 1982 815 2035 titt
836 1983 964 2052 oomuptis
985 1983 1099 2036 mosibus
1119 1987 1198 2040 oisto-

214 2067 273 2123 rt‘us
293 2077 443 2141 temperent.
477 2069 540 2124 biv.
561 2064 703 2133 10,32,4.
728 2067 773 2119 att
792 2073 819 2119 st
842 2068 956 2131 intrare,
980 2069 1075 2121 nedum
1096 2079 1199 2126 mass

215 2152 267 2223 ipsi
288 2155 445 2209 Samnitium
460 2171 559 2224 agrum
581 2153 784 2222 prohiberentur.
818 2150 1060 2206 Drakenbosobius
1074 2156 1199 2224 segatio·

215 2253 280 2291 nam
292 2238 321 2293 in
337 2240 470 2311 probibere
483 2236 619 2290 eonditum
639 2236 747 2290 solvere
762 2235 853 2301 iubet,
872 2243 904 2289 ut
916 2236 968 2291 sits
984 2255 1036 2291 non
1053 2241 1198 2306 pemitta-

217 2330 313 2378 ssatar
333 2325 452 2389 intrare,
470 2323 570 2376 uadunt
587 2328 706 2375 vastare.
742 2320 844 2389 Quidni
867 2320 1087 2389 scratinium,
1105 2342 1142 2378 us
1155 2327 1199 2379 di-

217 2423 279 2462 sstu
303 2416 430 2473 vastata,
463 2406 695 2476 prohiberentur?
728 2406 773 2471 28,
789 2404 834 2472 4⁰,
848 2405 890 2458 ll.
917 2408 991 2460 setus
1014 2426 1094 2477 quam
1117 2413 1201 2465 uestis

216 2494 316 2561 massi
335 2495 435 2557 malui,
455 2500 503 2558 ut,
530 2493 576 2563 qui
596 2493 706 2545 aliorum
728 2493 824 2545 iudicia
852 2493 919 2544 milti
939 2500 1108 2561 comparatus
1134 2503 1200 2562 aas,

216 2590 266 2627 sua
287 2593 347 2629 mos
370 2578 526 2646 consessione
548 2594 589 2630 ms
611 2577 661 2629 sibi
682 2583 848 2645 praeferret.-
863 2578 958 2630 nedum
981 2594 1031 2645 ego
1049 2583 1202 2646 perfunctus

217 2659 355 2715 inmuta·
373 2663 516 2716 conamina
532 2663 597 2714 milti
613 2669 691 2729 atque
704 2663 888 2715 aemulationes
900 2679 958 2713 aum
978 2663 1141 2717 adolescente
1149 2669 1201 2733 fla-

217 2747 365 2800 sentissimo
377 2764 533 2817 proponam.
568 2745 660 2799 Tacit.
673 2746 741 2799 Anu.
757 2745 801 2812 13,
812 2746 855 2800 2⁰.
872 2748 917 2799 sed
935 2748 1091 2814 utumque,
1108 2752 1203 2806 nedum

215 2834 338 2899 panau,
353 2833 527 2902 defensionem
541 2833 714 2886 tribuendane.
750 2832 793 2896 lii,
809 2830 854 2890 ab.
888 2830 960 2885 Hist.
980 2829 1007 2896 3,
1024 2830 1068 2887 66.

234 2989 265 3053 6.
288 2984 359 3053 Hac
375 2987 504 3054 ratione
528 2998 669 3077 possunt
691 2991 852 3077 componi
870 2988 952 3053 duae
967 3010 1037 3070 res,
1058 3011 1202 3076 quarum

141 3069 251 3141 'altera
268 3074 375 3138 multo
400 3075 505 3162 magis
525 3075 627 3158 valet,
646 3084 701 3150 ut,
723 3077 816 3140 omni
839 3074 1042 3140 dubitatione
1060 3088 1203 3156 exemto,

149 3176 193 3221 ne
209 3159 437 3244 designatione
456 3160 591 3247 quidem
611 3181 696 3247 opus
722 3183 792 3224 esse
812 3160 967 3224 videatur.
1011 3159 1061 3224 lta
1086 3161 1144 3242 fit,
1167 3175 1204 3228 ut

149 3242 276 3309 nedum
290 3245 456 3332 exprimat
471 3246 579 3309 multo
601 3246 729 3332 magis.
771 3246 882 3310 Prima
905 3268 942 3309 re
968 3247 1075 3333 posita
1102 3250 1203 3313 etiam

150 3328 251 3393 altera
268 3331 415 3416 ponitur.
461 3333 566 3418 Atque
583 3331 787 3396 collocantur
803 3331 837 3394 in
858 3331 984 3396 duabus
1000 3335 1203 3399 enttutiatia-

149 3415 202 3479 uia
215 3417 365 3503 partibus
388 3414 488 3480 verba
516 3417 621 3480 etium
636 3454 679 3468 -
698 3416 842 3494 nedum,
862 3439 989 3504 quiaque
1005 3455 1047 3468 -
1063 3420 1202 3495 nedum,

152 3521 296 3587 quarum
315 3499 468 3588 exempla
487 3501 561 3567 vide
584 3500 685 3567 Tam.
701 3508 733 3566 2.
753 3525 786 3590 p.
802 3506 877 3568 663.
900 3502 953 3567 oet
965 3539 1005 3552 -
1022 3504 1162 3570 nedum.

264 3636 379 3705 Quintil.
403 3636 445 3702 12,
462 3636 488 3702 1,
502 3637 546 3690 38.
579 3656 610 3691 ae
631 3640 745 3708 primum
766 3641 902 3691 concedant
925 3639 990 3692 milti
1014 3658 1101 3694 omnes
1126 3660 1204 3710 opos*

220 3728 276 3786 tet,
290 3750 325 3762 ·-
336 3728 475 3791 saetarum
491 3725 633 3793 aliquando
647 3725 734 3775 uirum
757 3725 868 3787 bonum,
888 3730 918 3775 ut
933 3727 1100 3778 mendacium
1121 3728 1203 3792 dieat,

218 3813 242 3860 et
256 3808 358 3876 puidam
376 3825 572 3879 manupastus
585 3809 721 3861 leuioribus
737 3810 848 3873 cumam,
869 3817 898 3863 ut
913 3811 939 3862 in
954 3812 1041 3879 pueris
1058 3820 1206 3879 aegrotass-

217 3891 285 3945 tilus
301 3893 427 3948 utilitatis
441 3911 528 3947 eosusn
541 3895 635 3963 gratia
652 3895 736 3946 muba
743 3896 874 3963 fingimus
887 3923 937 3960 -,
956 3897 1052 3949 nedum
1067 3897 1092 3949 si
1106 3900 1140 3950 ab
1156 3899 1205 3950 lto·

216 3977 284 4032 sitae
297 3979 434 4031 assidendo
448 3986 585 4049 grassator
598 3980 751 4032 auertendus
767 3980 811 4033 sit.

262 4094 374 4150 Seston.
392 4095 474 4152 (tatu
494 4096 520 4151 5.
543 4114 610 4167 auus
624 4098 750 4153 musitans
770 4115 868 4168 assuas
891 4101 992 4166 adius,
1010 4102 1106 4155 aestum
1125 4102 1205 4155 sosii·
