2662 4906
542 326 697 397 NEMPE.
1085 333 1146 401 15⁵

130 517 160 560 re
176 520 254 563 nem
279 521 323 585 pe
338 518 401 587 pro
416 510 573 586 nempote
598 497 661 565 dici
685 509 717 565 et
730 511 813 588 pote
837 520 906 563 esse
925 509 1014 586 putu
1035 500 1144 566 conli-

130 594 211 647 mter
228 521 382 650 alllrmat.
424 584 552 648 Tamen
571 587 629 670 qui
647 584 728 651 haec
744 586 866 658 credat,
884 587 1049 649 nemiuem
1069 584 1145 653 sore

132 671 256 756 spicor.
295 670 470 735 Alternant
490 669 635 760 syllabae
659 689 720 756 pce
749 671 795 748 (in
818 670 979 756 mihipte,
1009 674 1143 821 carogio)

130 779 155 834 e,
195 768 229 820 tc
258 755 307 841 (in
336 762 437 836 tuto),
477 766 511 821 et
541 755 690 821 eamdem
721 755 990 844 significationem
1020 755 1063 821 ha
1088 767 1145 822 ent

130 843 357 906 o'nstrativam.
399 842 492 905 Vltro
508 843 665 929 progredi
679 844 713 907 in
730 841 792 907 hac
806 842 998 928 quaestione
1014 864 1081 906 noa
1098 842 1144 908 li·

134 936 157 990 t.
210 927 322 1007 Quare
344 929 412 991 civo
437 926 517 993 dicia
541 949 663 1013 nempe
691 949 759 994 ecee
778 927 903 992 fuctum
930 948 971 992 ex
997 941 1145 1015 nempte,

129 1033 162 1074 re
178 1012 340 1100 syllabam
360 1034 409 1099 pe
425 1013 628 1101 primitivam
649 1023 763 1102 putas,
788 1011 982 1080 vocabulum
1005 1036 1090 1080 nam
1112 1014 1144 1082 ui

129 1097 263 1163 {finitiva
279 1098 433 1186 augescit.

178 1221 271 1289 Il'am
288 1246 393 1312 quum
408 1246 479 1290 rem
496 1224 638 1313 aliquam
656 1222 803 1309 designet
818 1233 851 1287 et
872 1221 1005 1291 definiat
1048 1247 1145 1292 nern-

129 1333 169 1387 ιε
207 1333 262 1375 mr
282 1322 402 1376 utrem
426 1332 524 1376 essen
552 1321 656 1375 ertum
678 1320 711 1375 et
736 1319 881 1382 eertum,
904 1330 987 1394 quae
1007 1273 1164 1412 W

148 1334 205 1459 nell
215 1419 275 1483 per
293 1333 871 1483 atiasTes‘fflElligatffir‘conem
896 1406 987 1460 extra
1012 1394 1146 1463 dubita·

129 1503 237 1546 anem.
282 1480 345 1545 Sed
363 1482 499 1568 propria
521 1491 570 1546 eet
585 1479 666 1546 haec
683 1480 840 1569 particula
855 1479 1024 1566 colloquii,
1046 1495 1145 1568 atque

129 1567 178 1630 lde
195 1570 228 1632 ia
241 1567 408 1631 orationes
423 1567 595 1630 translata:
620 1587 720 1653 quare
735 1589 772 1629 ea
789 1563 893 1630 rarius
908 1576 1048 1632 utuntur
1065 1589 1144 1632 ora·

129 1673 211 1727 nes,
240 1650 304 1715 nisi
331 1648 388 1714 ubi
419 1650 638 1738 colloquentis
668 1673 845 1738 personam
877 1651 1026 1716 induunt.
1078 1652 1143 1721 Sed

131 1737 304 1820 artungius
328 1735 511 1817 existimat,
535 1757 606 1799 cam
633 1758 729 1824 posse
751 1735 908 1821 appellari
930 1739 1144 1823 interrogati·
1220 1788 1225 1805 .
1249 1764 1258 1781 =

129 1844 194 1895 nn,
227 1819 387 1904 quoniam
409 1840 493 1907 quae
517 1821 675 1909 opinione
698 1821 943 1906 concipiantur,
980 1823 1078 1888 etiam
1109 1846 1144 1888 m

128 1904 239 1967 odum
272 1906 539 1991 interrogationis
572 1909 699 1992 pocaint
719 1906 942 1993 pronuntiari:
972 1908 1026 1972 alii
1049 1907 1145 1973 dixe·

129 2000 176 2052 int
200 2011 321 2074 nempe
351 1990 475 2077 ubique
497 1993 650 2056 accedere
671 1989 711 2055 ad
739 1991 1029 2076 interrogationem
1059 2015 1145 2080 pro·

128 2087 230 2151 terea,
256 2074 390 2160 quodsi
415 2075 542 2140 nilicet:
565 2072 700 2141 nonne?
724 2087 816 2140 estne
838 2073 906 2143 ita?
941 2080 990 2141 At
1014 2076 1148 2142 aliaest

128 2185 146 2222 ,s
165 2160 364 2247 particulae,
385 2099 448 2228 allio
465 2160 576 2225 forma
602 2161 781 2241 orationis,
805 2183 889 2246 quae
912 2159 1003 2227 illam
1027 2161 1148 2228 mode·

128 2257 208 2323 rtur,
240 2267 308 2311 non
332 2248 446 2333 gignit.
489 2246 575 2311 Nam
601 2267 740 2332 acccipe,
763 2247 860 2310 ctiam
884 2255 976 2310 extra
1002 2248 1146 2313 interro-

128 2334 267 2397 ationem
291 2334 456 2420 positum,
479 2329 622 2396 aslirmat
647 2331 782 2396 directe.
825 2330 940 2416 Neque
958 2332 1075 2397 melius
1090 2343 1149 2399 aut

128 2420 282 2481 lstinctius
312 2417 346 2482 id
376 2418 503 2485 videtur
537 2438 624 2497 esse‚
663 2416 755 2502 quod
792 2414 946 2480 nonnulli
983 2418 1147 2485 ironicam

128 2504 295 2568 aniculam
313 2504 468 2592 ambiguo
487 2503 588 2567 verbo
608 2513 736 2566 vocant.
779 2500 889 2566 lronia
906 2503 995 2569 enim
1011 2502 1053 2567 ad
1070 2501 1146 2571 for-

128 2613 189 2673 ram
226 2590 385 2654 orationis
416 2589 560 2676 pertinet
598 2598 695 2673 atquc
731 2586 862 2652 aliunde
903 2585 1047 2669 accedit,
1082 2612 1144 2655 nec

128 2697 179 2738 sue
200 2673 377 2762 particulae
398 2684 529 2740 tantum
553 2671 593 2745 ad
616 2673 909 2738 dissimulationem
937 2684 993 2737 aut
1013 2675 1145 2741 irrisio-

128 2783 178 2825 em
194 2770 328 2848 spectat.
371 2761 516 2826 Aliarum
534 2759 718 2846 linguarum
742 2758 898 2822 vocabulo
920 2759 948 2822 si
971 2780 1146 2846 eompara-

127 2869 194 2926 uu,
224 2847 325 2913 latino
350 2847 381 2910 in
430 2844 559 2910 lurimic
594 2868 645 2909 res
672 2844 777 2908 ondet
806 2843 1031 2931 germanicum
1058 2845 1147 2923 leole,

127 2930 231 3007 aster.
255 2931 382 3019 dequo
405 2869 606 3017 ltro-cangius
628 2868 731 2995 'llom
746 2934 777 2993 2.
801 2952 837 3017 p.
852 2931 927 2993 416.
952 2928 1146 3041 disputavit:

127 3041 133 3079 ι
153 3016 349 3102 quibusdam
368 3015 566 3082 dictionibus
584 3015 787 3080 declarandis
804 3035 954 3102 graccum
976 3039 1034 3078 ooo
1053 3014 1148 3080 adhi-

127 3105 171 3167 cri
192 3115 310 3190 potest,
331 3104 365 3169 in
380 3102 449 3169 aliis
465 3096 586 3183 dotalii.
613 3101 728 3190 ⁴Sa'epe
742 3100 837 3167 reddi
858 3100 934 3164 lieet
949 3121 1011 3188 per
1026 3099 1076 3182 iu,
1097 3101 1148 3167 vol

127 3213 163 3253 er
179 3191 256 3254 alias
272 3189 448 3276 particulas
466 3186 665 3253 affirmandi.

204 3308 381 3362 lteindorllm
395 3307 485 3361 reddit
498 3325 548 3378 per
563 3309 630 3362 dccli
650 3306 734 3370 molat,
751 3303 818 3356 doeh
839 3308 867 3356 ot
881 3305 959 3370 putat
978 3298 1095 3357 indicari
1110 3302 1147 3367 id,

168 3394 241 3459 qaod
258 3393 303 3457 ei,
327 3393 376 3462 qui
396 3393 532 3462 loquitar,
553 3399 658 3447 eertum
675 3378 802 3451 oidelae,
828 3387 913 3442 etium
936 3386 980 3451 ei,
998 3387 1046 3456 qni
1061 3388 1149 3456 uadit,

170 3477 260 3530 videri
275 3479 383 3533 debere.
418 3479 472 3533 Sed
486 3495 556 3548 quae
573 3478 659 3530 ettert
675 3475 815 3542 exempla,
831 3490 884 3526 aon
900 3470 990 3533 ornain
1006 3472 1149 3541 quadrant.

189 3628 213 3692 l.
240 3636 268 3693 1.
298 3631 446 3696 Primum
471 3612 571 3716 igitur
595 3646 732 3711 canpe,
754 3622 949 3687 vocabulum
961 3624 1160 3720 gadlgaguij„
1215 3548 1325 3677 feld*

127 3715 226 3777 ulicat
250 3711 633 3781 claramesseetalfirm
702 3735 708 3748 ’
767 3710 1067 3788 ,rem-mallenus,
1091 3713 1147 3796 qui
1189 3690 1330 3825 gift„

127 3801 326 3886 alloquitur,
348 3802 561 3885 sententia-‚ve
591 3807 712 3861 mente.
757 3792 808 3859 Ex
824 3792 955 3860 alteriue
969 3797 1057 3861 enim
1075 3817 1148 3861 ver·
1189 3819 1248 3893 „a

128 3888 154 3951 is
181 3887 312 3950 ducitur
335 3878 586 3974 augumentum,
617 3882 666 3946 vol
697 3880 827 3946 additur
854 3882 913 3958 iis,
949 3903 1033 3968 quae
1062 3882 1148 3947 dicta
1178 3928 1181 3933 ,
1208 3940 1229 3971 Ι.
1258 3940 1274 3965 ,,

126 3984 216 4048 rant,
240 3972 440 4041 allirmatio.
463 3993 530 4056 quo
545 3990 641 4035 seusu
661 3965 845 4052 accipienda
871 3968 946 4030 sint.
990 3968 1147 4032 Germani
1214 4014 1264 4055 μ,
1321 4036 1324 4041 ,

127 4069 286 4142 >quantur
314 4062 364 4124 ia.
409 4058 567 4122 l‘artioula
584 4056 672 4118 enim
692 4055 757 4117 vim
775 4050 870 4115 habet
897 4052 1075 4115 verborum
1096 4065 1147 4117 eu

126 4156 178 4221 ta,
202 4167 332 4230 negare
349 4155 547 4231 conpotes,
570 4144 617 4207 vel
638 4140 727 4228 quod
750 4138 1010 4223 interrogatione
1032 4139 1147 4224 expri-
