2662 4906
635 308 729 377 suu.-
1137 314 1204 383 Μ

154 476 237 541 diras
266 478 365 544 stiam
390 476 425 543 in
448 496 511 544 nan
543 490 624 545 erat.
652 476 906 555 Ponitissims„'
923 478 1016 545 cuius
1045 480 1202 551 adiectis·

152 563 267 627 forms
283 572 416 629 exstatn
443 565 485 629 ud
502 562 652 629 Plautum
667 564 761 651 (ctu.
788 570 818 639 1,
836 572 866 643 1,
879 565 948 643 66.)
970 565 1090 651 legitur
1112 571 1202 655 apud

154 649 273 713 Sidon.
291 648 396 735 spott.
414 586 515 737 Epist.
531 654 608 728 19.
624 649 776 714 actiones
792 650 864 714 cius
876 649 1088 719 antudinam
1096 654 1202 741 ptui-

154 735 288 799 tissimc
302 746 336 798 st
348 734 457 799 velasti
470 735 597 833 sanctio
614 735 758 823 inspexi.
780 740 819 816 8,
841 738 874 800 8.
1130 770 1135 781 ·

258 852 290 906 ln
306 854 369 905 loco
386 853 461 923 §clai
476 868 559 939 snpra
574 853 660 907 elloto
677 854 811 909 editiones
828 856 966 925 quaedem
979 854 1108 915 eminent
1123 859 1200 931 pni-

224 942 285 1005 tias‚
301 939 393 994 nascio
418 956 472 1010 qun
493 940 666 995 auctoritate.

597 1222 768 1311 PER.

241 1401 456 1470 Grammatici
480 1424 598 1467 omnes
628 1402 803 1483 affirmant,
828 1424 896 1490 per
917 1402 1057 1470 latinum
1080 1414 1113 1471 et
1134 1406 1203 1491 napi

180 1510 311 1554 roccum
333 1491 431 1553 unius
453 1509 520 1553 esse
542 1488 689 1576 originis·
718 1491 774 1554 sed
797 1498 831 1551 ut
853 1512 908 1567 ea,
938 1511 1020 1577 quoe
1043 1492 1077 1557 in
1096 1490 1202 1581 signi·

154 1511 309 1651 dontione
324 1574 499 1654 diflerunt,
525 1578 611 1639 inter
632 1598 665 1639 se
689 1574 884 1655 concilient,
911 1574 1112 1667 Hortungius
1135 1578 1202 1643 duo

155 1682 229 1724 esse
255 1662 414 1725 vocabula
446 1660 514 1743 πέρι
543 1671 574 1724 et
597 1662 664 1741 accpi
685 1661 808 1739 statuit,
835 1660 1058 1727 Doederlinus.
1077 1662 1121 1727 nit
1136 1660 1203 1753 p'sr

154 1748 329 1811 notionem
355 1748 401 1810 rei
425 1744 612 1832 completae
632 1744 722 1826 lieri,
745 1757 780 1810 ut
804 1742 983 1810 diametros
1006 1771 1082 1813 eum
1109 1750 1203 1835 peri·

158 1830 274 1917 pheria
298 1840 521 1896 commutetur
535 1842 568 1894 et
585 1832 762 1917 perunum
782 1830 978 1895 vocabulum
992 1832 1204 1921 significetur.

157 1918 251 1997 Quae
278 1918 391 1981 omnin
419 1916 511 1981 valde
538 1916 690 2003 ambigua
709 1925 799 1994 sunt,
834 1938 894 1979 nec
923 1917 958 1980 in
990 1918 1204 1985 similitudine

156 2002 230 2065 soni
248 1999 501 2085 fundamentum
519 2000 642 2066 habent
663 2003 739 2065 satis
753 2000 905 2065 firmum:
930 2022 967 2065 ea
983 2014 1104 2081 autem,
1120 2028 1205 2091 quas

155 2087 367 2173 Hartungius,
391 2086 580 2152 Riemcrum
605 2098 772 2173 sequutus,
793 2080 881 2151 fa¹cili
897 2091 1031 2173 negotio
1046 2092 1205 2177 componi

155 2183 373 2271 posscputat‚
404 2194 566 2259 perquam
590 2172 716 2239 diversa
734 2194 802 2236 non
826 2172 998 2258 quadrant.
1044 2174 1081 2241 ld
1104 2177 1205 2259 enim,
1229 2234 1233 2249 ‚

156 2258 248 2345 quod
273 2258 328 2323 uto
351 2266 466 2357 graeca
496 2256 655 2347 particula
686 2256 860 2341 significari
886 2255 992 2335 dicit,
1030 2258 1115 2326 ultre
1136 2282 1206 2329 esse

154 2340 299 2427 (draibcr
325 2344 488 2425 lunone),
525 2343 624 2430 longe
660 2340 757 2407 distat
792 2344 832 2405 ab
855 2363 914 2425 eo,
944 2342 1036 2429 quod
1062 2342 1205 2415 latinum

150 2452 220 2517 per
241 2428 413 2517 exprimit:
456 2440 489 2492 et
512 2426 590 2493 dum
614 2450 727 2515 gracco
751 2429 819 2509 περί
845 2436 878 2490 et
907 2450 961 2511 περ
984 2428 1024 2492 ad
1041 2431 1204 2497 ambitum

155 2524 323 2603 spectant,
363 2512 503 2577 latinum
523 2514 556 2577 in
579 2535 615 2577 ac
649 2512 746 2577 habet
768 2510 941 2575 notionem
967 2514 1065 2579 medii
1089 2529 1119 2581 et
1167 2540 1205 2583 er

154 2600 303 2666 medium
326 2597 535 2675 transeundi,
557 2598 763 2684 respondens
779 2599 967 2685 germanico
991 2600 1108 2667 dtrrcla.
1144 2540 1204 2667 id-

157 2708 223 2774 que
244 2711 260 2751 a
284 2686 348 2750 loci
371 2684 593 2771 designatione
614 2684 807 2749 translatum
824 2681 863 2745 ad
882 2704 995 2749 rerum
1014 2687 1205 2772 qualitatem

155 2771 317 2860 siguificat
337 2772 476 2858 gradum
499 2770 655 2834 maiorem
677 2770 727 2834 vel
757 2770 954 2847 maximum,
991 2774 1204 2840 oGermanis

155 2882 211 2923 sae
237 2872 331 2946 eper
347 2856 518 2920 ‹lun-lmus
536 2856 671 2919 dictum.
720 2854 821 2921 Medii
838 2860 951 2933 Jnutem
978 2858 1080 2929 notio,
1106 2880 1206 2945 quam

154 2947 193 3009 in
214 2882 275 3007 ias
295 2942 451 3031 particula
468 2942 608 3027 positam
628 2940 783 3015 videmus,
807 2938 969 3025 duplicem
987 2941 1085 3007 habet
1101 2946 1205 3008 ratio-

154 3053 235 3095 nem
252 3040 283 3093 et
300 3030 358 3107 rei,
379 3048 551 3113 perquam
568 3026 709 3091 mediam
726 3025 848 3112 aliquid
863 3027 990 3109 transit,
1003 3038 1037 3091 ct
1049 3031 1108 3111 rei,
1123 3050 1206 3119 quac

156 3116 193 3181 in
209 3115 322 3180 medio
339 3125 387 3178 est
402 3116 522 3201 posita.

241 3265 267 3331 1.
286 3273 316 3333 1.
337 3265 483 3329 Primum
490 3284 559 3350 per
575 3256 694 3325 dicitur
710 3258 750 3325 de
766 3261 852 3340 loco,
871 3272 903 3326 et
921 3261 1053 3349 quidem
1072 3261 1204 3351 simpli-

156 3351 240 3417 citer
264 3351 304 3415 de
325 3361 418 3415 motu
439 3372 475 3414 ac
498 3350 653 3413 transitu:
679 3344 794 3425 diercis,
816 3348 993 3413 lsindurcla.
1038 3346 1096 3412 Est
1118 3352 1206 3413 enim

155 3437 271 3515 locus,
294 3438 327 3500 iu
350 3458 449 3523 quem
462 3436 579 3520 aliquis
600 3454 668 3497 nou
690 3432 791 3496 modo
812 3433 1003 3521 ingreditur,
1025 3434 1081 3498 sed
1106 3455 1206 3517 quem

156 3523 305 3587 medium
330 3533 484 3611 permeat.
528 3519 709 3584 Priscianus
737 3540 773 3666 p.
793 3520 856 3582 986
883 3540 1003 3604 per-
1029 3516 1208 3607 significat

157 3606 219 3673 dui¹
228 3614 395 3693 graecam
408 3606 561 3672 localem.
592 3604 696 3690 Saepe
711 3602 733 3666 it
749 3600 792 3666 ud
812 3602 957 3674 verbum,
981 3606 1014 3667 in
1038 3628 1104 3691 quo
1121 3610 1206 3669 ratio

157 3694 415 3782 praepositionis
451 3693 511 3755 sits
544 3702 602 3769 est,
637 3690 820 3759 omittitur,
852 3690 950 3753 veluti
981 3690 1036 3754 nbi
1070 3692 1206 3754 Sueton.

158 3782 251 3844 Caes.
277 3781 328 3843 41.
352 3779 396 3841 sit
411 3778 553 3841 Parthis
568 3773 698 3865 inferre
713 3773 835 3841 heilram
843 3796 912 3861 per
924 3775 1136 3849 Ariconium,
1152 3777 1207 3840 in-

159 3866 310 3951 telligens
333 3874 477 3927 euntem.

260 3992 352 4045 Plaut.
369 3990 432 4043 Gne.
446 3990 471 4053 3,
490 3988 516 4059 4,
530 3988 574 4043 23.
591 3990 707 4059 egnisse
725 4006 773 4059 psa
786 3990 891 4044 taram
915 3993 1012 4045 iussero
1032 4008 1117 4043 susam
1141 3990 1209 4041 istac

227 4080 341 4131 transire
363 4094 466 4130 morsm
488 4078 523 4128 cd
545 4092 650 4129 monna
672 4080 753 4131 tm.
779 4074 864 4127 llere.
877 4075 903 4141 2,
923 4075 951 4139 ὅ,
971 4074 1013 4129 81.
1030 4093 1078 4144 per
1093 4089 1165 4126 marc
1178 4078 1207 4123 at

230 4172 322 4217 coctas.
351 4164 431 4216 cure.
447 4162 473 4227 1,
489 4163 513 4227 1,
529 4159 571 4215 dd.
589 4162 652 4215 dam
665 4178 698 4214 se
709 4177 757 4231 pcc
771 4162 889 4229 fundum
911 4167 1011 4228 septam
1027 4160 1113 4224 socies
1126 4156 1206 4211 asni-
