2662 4906
212 289 351 355 ea·
567 242 776 343 ‘uu

214 449 503 542 lociepierumque
519 443 756 512 dubitationem
773 441 871 508 nobie
887 443 990 510 iniicit
1005 442 1145 512 varietur
1160 439 1268 507 libro-

216 559 305 607 rum.
350 535 410 602 Vd.
425 532 595 600 Drakenb.
614 530 653 594 ad
670 532 740 595 Liv.
755 534 788 607 5,
803 533 855 607 28,
874 531 908 596 5.

331 655 409 723 Apud
428 654 589 707 Ciceronem
602 667 655 703 non
671 649 730 703 riae
751 648 915 703 anctoritate
935 646 1060 709 codicum
1083 653 1125 703 eet
1149 649 1270 715 erribea·

228 751 233 757 '
290 738 357 793 dunt
376 739 459 790 Ture
477 739 503 802 1,
522 735 567 801 25,
581 734 625 789 00.
650 753 703 787 aon
723 743 761 789 ert
781 741 850 787 certe
866 752 914 788 nee
935 735 1033 802 cordio,
1056 752 1103 787 nee
1122 737 1270 807 mguiair,

288 841 335 877 nec
351 823 462 886 cerebri,
480 840 528 874 nec
544 829 704 882 atomorum,
726 820 815 871 onina
839 819 874 872 rit
894 819 1003 889 ignisne.
1037 818 1147 883 Nercio,
1165 839 1213 879 nee
1232 839 1270 876 are

289 910 378 978 pudet.
410 906 484 959 Phil.
499 907 526 969 2,
542 904 586 969 lo,
603 903 647 957 41.
665 911 688 956 et
702 905 804 972 quidem
818 904 892 966 vide,
908 921 988 972 wan
1004 912 1028 956 te
1051 904 1149 957 auerte
1174 906 1216 971 ir,
1231 909 1271 976 qai

293 995 366 1045 atbar
388 999 472 1045 atcrue
490 992 576 1058 suerio
593 993 718 1061 ignorant
734 988 830 1056 fratri·
847 988 938 1055 filiunt
956 990 1103 1056 praeteriit.
1136 991 1217 1044 Oret.
1231 991 1270 1056 82,

292 1076 353 1130 115.
372 1077 532 1145 quaratione
546 1093 634 1128 aeram
642 1075 776 1143 soleamne
789 1075 831 1135 rit,
843 1072 979 1124 iudicetur.
1013 1071 1047 1124 de
1062 1072 1121 1128 Fin.
1135 1072 1219 1143 mu,
1232 1075 1272 1133 δῖ.

231 1181 234 1188 ’
293 1178 350 1215 cere
364 1162 486 1230 sabone,
503 1167 677 1229 quaereretur.
711 1155 795 1222 Mb,
811 1154 853 1207 00.
870 1157 893 1207 ri
912 1157 1212 1215 „sutrinensem
1228 1181 1273 1233 pa-

296 1254 396 1309 tenuo,
413 1247 548 1299 calcamur
563 1244 671 1314 aegrine
694 1243 784 1294 rimae.
822 1238 1063 1304 Aenu.2,11,tt.
1080 1262 1162 1313 qaum
1185 1246 1219 1299 ,ἢ
1236 1247 1275 1299 t„-

299 1338 415 1393 eertam,
432 1346 489 1381 uere
502 1329 640 1380 inaniterne
657 1335 795 1379 increatae.
831 1326 988 1383 chrnerua
1004 1332 1109 1380 temore
1129 1330 1276 1398 earpicetm

299 1422 343 1467 eet
358 1413 529 1466 scribendum
551 1428 610 1464 eene
632 1410 789 1463 inaniterne.
824 1409 903 1477 Quae
927 1427 1010 1478 quum
1030 1410 1120 1465 omnin
1143 1414 1278 1470 coutetur·

300 1497 488 1563 vindicentur,
506 1514 559 1551 non
582 1495 694 1558 arbita,
720 1493 784 1562 quin
805 1493 894 1547 etiem
916 1493 950 1546 de
971 1494 1032 1546 Pia.
1046 1494 1074 1558 2,
1093 1497 1137 1562 te,
1151 1496 1195 1553 88.
1218 1499 1278 1553 acei-

301 1582 421 1636 uenatum
435 1581 485 1634 eit:
503 1582 571 1649 quod
584 1599 613 1633 eo
632 1580 753 1649 liquidior
761 1579 860 1644 sodet,
877 1580 901 1631 ai
915 1582 1089 1649 perpererit,
1107 1599 1196 1636 rorum
1217 1586 1278 1639 ieter

301 1684 347 1720 ena
360 1669 520 1721 verborumve
532 1667 564 1718 rit
577 1664 760 1718 controverria.

350 1767 412 1822 ute.
425 1765 453 1835 5,
473 1766 517 1832 28,
532 1765 558 1820 5.
588 1769 652 1820 adeo
674 1774 701 1819 ut
721 1768 748 1818 ia
767 1767 864 1819 incerta
879 1765 983 1832 suerit,
1003 1793 1038 1804 -
1056 1764 1178 1820 aieirrent
1196 1769 1283 1825 ctoriae

303 1861 395 1906 uomit.
429 1852 456 1914 2,
471 1849 515 1916 40,
532 1850 575 1904 lu.
592 1853 651 1905 bine
665 1870 695 1905 ex
709 1851 861 1914 certamine,
883 1850 966 1901 Volsci
977 1850 1091 1919 Aequine
1104 1852 1285 1920 imperaram

214 1996 218 2007 ¹
306 1938 437 1988 coniuncto
451 1937 575 1990 exercitui
588 1938 702 1999 darent,
718 1934 822 1996 ecditio,
846 1935 939 1988 deinde
956 1941 1031 1986 atror
1047 1936 1176 2004 proelium
1198 1945 1287 1991 man.

307 2017 334 2084 1,
357 2017 401 2084 40,
422 2019 448 2072 3.
479 2020 507 2085 2,
529 2018 573 2086 40,
589 2018 615 2073 5.
640 2021 689 2075 red
712 2015 796 2071 etiam
817 2017 845 2070 ia
869 2017 914 2071 bie
937 2034 989 2070 aaa
1016 2034 1110 2073 omae·
1137 2019 1206 2074 libri
1228 2040 1288 2076 eoa-

307 2105 437 2159 teatiunt.

354 2207 454 2260 Horat.
476 2204 535 2259 Sat.
549 2203 576 2268 l,
591 2202 619 2270 2,
637 2203 682 2262 uu.
705 2203 769 2272 quid
793 2204 896 2257 interret
915 2203 943 2256 in
963 2209 1100 2270 raatroaa,
1118 2208 1217 2262 annila
1234 2226 1291 2280 pee-

311 2304 383 2343 cerne
398 2296 503 2360 togato.
538 2288 599 2356 Quo
622 2289 683 2341 ioco
705 2287 835 2345 detentae
859 2296 955 2356 poetae
976 2288 1119 2343 licentium
1143 2290 1171 2344 in
1188 2291 1303 2359 1,·8,2,Ι

311 2373 437 2436 incertae,
453 2389 585 2425 rwrnnanr
594 2378 729 2441 jaceretne
750 2371 883 2441 Priapum.
917 2374 959 2430 Gi.
979 2380 1087 2442 praeter
1105 2375 1295 2431 Heindorflara

312 2456 434 2526 ltrr'rgcri
457 2456 559 2509 librum
589 2458 623 2510 de
644 2455 812 2509 Attractiane
838 2477 865 2528 p.
879 2457 922 2512 60.
956 2460 982 2525 1,
999 2457 1082 2524 mi).
1104 2466 1149 2514 tao
1174 2462 1239 2516 uitio
1256 2481 1296 2517 re-

315 2559 409 2595 rumne
424 2543 525 2600 laborer
537 2544 576 2594 nii
591 2548 689 2610 referre
700 2543 805 2610 putor?

331 2675 389 2743 lii.
419 2680 520 2749 Antea
549 2676 866 2759 demonstravimus,
900 2679 1070 2765 quomodo
1107 2701 1150 2744 ex
1180 2678 1301 2745 adrer-

251 2758 306 2823 bio
330 2785 372 2847 ne
394 2761 480 2829 facte
502 2765 544 2827 sit
570 2764 771 2828 coniunctio.
814 2765 936 2828 Eadem
962 2768 1091 2830 ratione
1115 2765 1214 2855 etiam
1238 2765 1300 2829 du-

250 2843 423 2917 bitativum
446 2874 506 2930 ne,
538 2848 628 2937 qnod
655 2846 840 2914 eneiiticum
872 2861 958 2928 erat,
1001 2852 1034 2915 in
1064 2849 1301 2938 coniungendis

253 2934 533 3014 enuntiationibus
558 2933 792 3013 adhibebatur,
827 2945 864 2998 ut
887 2935 1018 3021 dubiam
1043 2938 1217 3023 notionem
1203 2957 1308 3023 „ex--

238 3019 422 3111 primeret.
472 3020 561 3100 'sum
584 3021 704 3090 maiori
728 3042 803 3103 cum
829 3023 859 3092 vi
879 3016 1151 3109 eiiam'io'ri'g'a'iii'
1166 3012 1303 3110 ”recepit

251 3102 426 3190 syllabam.

339 3237 369 3296 t.
397 3229 545 3311 Videre,
566 3252 629 3319 pro
654 3253 788 3307 cavere,
819 3254 941 3297 curare
966 3230 1111 3305 dictum,
1131 3230 1305 3318 quomodo

255 3334 333 3379 cum
358 3340 401 3381 ne
425 3326 660 3403 componatur,
693 3319 830 3404 exposui
883 3323 958 3384 .41.
1002 3317 1067 3381 Sed
1092 3316 1239 3382 diversus
1259 3327 1308 3382 est

256 3418 353 3483 urus,
375 3422 442 3488 quo
461 3402 576 3465 iisdem
593 3402 698 3467 verbio
715 3405 832 3488 aliquio
848 3341 966 3468 ‹iicitur
983 3403 1023 3466 de
1044 3404 1154 3488 aliqua
1182 3427 1220 3468 re
1243 3403 1307 3467 du·

258 3482 361 3551 bitere
385 3497 480 3571 atquc
496 3488 669 3565 sciscitari,
691 3490 883 3576 praesertim
901 3499 937 3551 ut
953 3489 1145 3575 opinionem
1161 3484 1308 3553 ffii

258 3564 361 3633 tireio
383 3578 576 3658 occupatum
601 3571 786 3638 confirmet.
837 3575 891 3640 Sic
916 3571 969 3651 fit,
992 3573 1127 3639 uiuido
1152 3597 1196 3639 ne
1221 3574 1310 3640 idem

259 3651 330 3718 fere
356 3661 539 3742 exprimat,
565 3658 655 3744 quod
676 3681 792 3724 verear
812 3682 865 3724 ae.
909 3659 1021 3738 Quare
1045 3662 1115 3723 uon
1139 3659 1244 3724 modo
1268 3660 1311 3724 li-

260 3738 382 3813 brar-ii,
405 3740 460 3806 sed
480 3742 577 3806 etiam
597 3742 773 3808 Lambinus
795 3743 915 3829 aliique
938 3743 1041 3807 critici
1065 3743 1164 3819 verba
1190 3745 1313 3809 uideo·

262 3822 345 3893 dum
362 3837 412 3895 ert
434 3826 554 3913 ubique
573 3839 745 3893 mutarunt
768 3831 802 3892 ia
829 3828 1011 3893 verendum
1040 3840 1099 3893 ert.
1142 3830 1208 3894 etii
1231 3852 1314 3918 per·

261 3909 360 3974 mariti
383 3913 586 3997 grammatici
608 3914 717 3999 ipsum
741 3935 835 3978 urum
865 3913 1104 3995 observarunt,
1132 3916 1232 4002 pauci
1265 3926 1315 3977 ta·

262 4015 339 4059 mea
363 3995 404 4059 de
427 3998 557 4061 ratione
585 3998 682 4061 huius
706 3997 860 4064 dictionis
884 4002 1123 4080 quaesiverunt,
1172 4000 1227 4064 Ex
1249 3999 1315 4066 iilis

262 4079 460 4157 nominandi
482 4092 559 4146 runt
584 4081 741 4148 schottus
762 4084 850 4148 Nod.
874 4084 943 4162 Cic,
964 4090 997 4163 2,
1017 4090 1052 4161 8.
1080 4084 1253 4152 Manutius
1275 4083 1316 4151 ad
