<?xml version="1.0" encoding="UTF-8"?>
<!DOCTYPE html PUBLIC "-//W3C//DTD XHTML 1.0 Transitional//EN"
    "http://www.w3.org/TR/xhtml1/DTD/xhtml1-transitional.dtd">
<html xmlns="http://www.w3.org/1999/xhtml" xml:lang="en" lang="en">
 <head>
  <title>
</title>
<meta http-equiv="Content-Type" content="text/html;charset=utf-8" />
  <meta name='ocr-system' content='tesseract 3.04.00' />
  <meta name='ocr-capabilities' content='ocr_page ocr_carea ocr_par ocr_line ocrx_word'/>
</head>
<body>
  <div class='ocr_page' id='page_1' title='image "./tursellinusseud00handgoog_0113.png"; bbox 0 0 2662 4906; ppageno 0'>
   <div class='ocr_carea' id='block_1_1' title="bbox 228 284 903 390">
    <p class='ocr_par' dir='ltr' id='par_1_1' title="bbox 228 284 903 390">
     <span class='ocr_line' id='line_1_1' title="bbox 228 284 903 390; baseline -0.001 -38"><span class='ocrx_word' id='word_1_1' title='bbox 228 298 290 364; x_wconf 80' lang='lat' dir='ltr'>su</span> <span class='ocrx_word' id='word_1_2' title='bbox 597 288 697 356; x_wconf 83' lang='lat' dir='ltr'>unc.</span> <span class='ocrx_word' id='word_1_3' title='bbox 739 284 903 390; x_wconf 86' lang='lat' dir='ltr'>anvn.</span> 
     </span>
    </p>
   </div>
   <div class='ocr_carea' id='block_1_2' title="bbox 118 453 1326 2069">
    <p class='ocr_par' dir='ltr' id='par_1_2' title="bbox 128 453 1325 975">
     <span class='ocr_line' id='line_1_2' title="bbox 128 453 1280 536; baseline -0.011 -4"><span class='ocrx_word' id='word_1_4' title='bbox 128 500 130 505; x_wconf 83' lang='lat'>.</span> <span class='ocrx_word' id='word_1_5' title='bbox 230 469 304 533; x_wconf 79' lang='lat' dir='ltr'>rior</span> <span class='ocrx_word' id='word_1_6' title='bbox 325 482 394 527; x_wconf 85' lang='lat' dir='ltr'>esse</span> <span class='ocrx_word' id='word_1_7' title='bbox 418 456 552 522; x_wconf 65' lang='lat' dir='ltr'>debent.</span> <span class='ocrx_word' id='word_1_8' title='bbox 584 456 698 520; x_wconf 81' lang='lat' dir='ltr'>Vnum</span> <span class='ocrx_word' id='word_1_9' title='bbox 722 467 832 520; x_wconf 89' lang='lat' dir='ltr'>tamen</span> <span class='ocrx_word' id='word_1_10' title='bbox 855 453 920 518; x_wconf 89' lang='lat' dir='ltr'>hoc</span> <span class='ocrx_word' id='word_1_11' title='bbox 945 453 1150 519; x_wconf 88' lang='lat' dir='ltr'>considerari</span> <span class='ocrx_word' id='word_1_12' title='bbox 1174 454 1280 536; x_wconf 83' lang='lat' dir='ltr'>debet,</span> 
     </span>
     <span class='ocr_line' id='line_1_3' title="bbox 231 543 1279 630; baseline -0.011 -11"><span class='ocrx_word' id='word_1_13' title='bbox 231 573 314 619; x_wconf 92' lang='lat' dir='ltr'>num</span> <span class='ocrx_word' id='word_1_14' title='bbox 331 549 429 612; x_wconf 90' lang='lat' dir='ltr'>etiam</span> <span class='ocrx_word' id='word_1_15' title='bbox 445 564 550 630; x_wconf 82' lang='lat' dir='ltr'>neque</span> <span class='ocrx_word' id='word_1_16' title='bbox 574 562 650 606; x_wconf 75' lang='lat' dir='ltr'>uero</span> <span class='ocrx_word' id='word_1_17' title='bbox 670 543 788 606; x_wconf 88' lang='lat' dir='ltr'>eodem</span> <span class='ocrx_word' id='word_1_18' title='bbox 812 562 950 628; x_wconf 87' lang='lat' dir='ltr'>prorsus</span> <span class='ocrx_word' id='word_1_19' title='bbox 972 562 1070 604; x_wconf 90' lang='lat' dir='ltr'>sensu</span> <span class='ocrx_word' id='word_1_20' title='bbox 1089 553 1279 629; x_wconf 77' lang='lat' dir='ltr'>usurpetur.</span> 
     </span>
     <span class='ocr_line' id='line_1_4' title="bbox 233 626 1279 715; baseline -0.011 -12"><span class='ocrx_word' id='word_1_21' title='bbox 233 633 387 703; x_wconf 83' lang='lat' dir='ltr'>inlibris</span> <span class='ocrx_word' id='word_1_22' title='bbox 414 629 542 715; x_wconf 88' lang='lat' dir='ltr'>scriptis</span> <span class='ocrx_word' id='word_1_23' title='bbox 573 626 697 691; x_wconf 84' lang='lat' dir='ltr'>frustra</span> <span class='ocrx_word' id='word_1_24' title='bbox 726 647 921 713; x_wconf 78' lang='lat' dir='ltr'>quaeramus</span> <span class='ocrx_word' id='word_1_25' title='bbox 956 637 1042 690; x_wconf 90' lang='lat' dir='ltr'>certa</span> <span class='ocrx_word' id='word_1_26' title='bbox 1074 627 1279 692; x_wconf 87' lang='lat' dir='ltr'>testimonia:</span> 
     </span>
     <span class='ocr_line' id='line_1_5' title="bbox 232 711 1324 799; baseline -0.011 -11"><span class='ocrx_word' id='word_1_27' title='bbox 232 745 310 791; x_wconf 88' lang='lat' dir='ltr'>nam</span> <span class='ocrx_word' id='word_1_28' title='bbox 328 730 361 784; x_wconf 91' lang='lat' dir='ltr'>et</span> <span class='ocrx_word' id='word_1_29' title='bbox 375 715 501 780; x_wconf 89' lang='lat' dir='ltr'>scribae</span> <span class='ocrx_word' id='word_1_30' title='bbox 517 724 547 778; x_wconf 89' lang='lat' dir='ltr'>et</span> <span class='ocrx_word' id='word_1_31' title='bbox 564 714 768 799; x_wconf 87' lang='lat' dir='ltr'>grammatici</span> <span class='ocrx_word' id='word_1_32' title='bbox 783 712 910 777; x_wconf 85' lang='lat' dir='ltr'>formas</span> <span class='ocrx_word' id='word_1_33' title='bbox 925 733 967 775; x_wconf 84' lang='lat' dir='ltr'>ex</span> <span class='ocrx_word' id='word_1_34' title='bbox 982 711 1117 776; x_wconf 87' lang='lat' dir='ltr'>arbitrio</span> <span class='ocrx_word' id='word_1_35' title='bbox 1129 734 1192 776; x_wconf 90' lang='lat' dir='ltr'>suo</span> <span class='ocrx_word' id='word_1_36' title='bbox 1208 736 1279 777; x_wconf 89' lang='lat' dir='ltr'>mu·</span> <span class='ocrx_word' id='word_1_37' title='bbox 1323 742 1324 769; x_wconf 74' lang='lat'>1</span> 
     </span>
     <span class='ocr_line' id='line_1_6' title="bbox 233 795 1324 886; baseline -0.009 -11"><span class='ocrx_word' id='word_1_38' title='bbox 233 819 304 874; x_wconf 90' lang='lat' dir='ltr'>ture</span> <span class='ocrx_word' id='word_1_39' title='bbox 333 800 491 868; x_wconf 84' lang='lat' dir='ltr'>solebant.</span> <span class='ocrx_word' id='word_1_40' title='bbox 551 797 599 861; x_wconf 89' lang='lat' dir='ltr'>lta</span> <span class='ocrx_word' id='word_1_41' title='bbox 626 795 750 862; x_wconf 84' lang='lat' dir='ltr'>facturn</span> <span class='ocrx_word' id='word_1_42' title='bbox 780 809 848 873; x_wconf 88' lang='lat' dir='ltr'>est,</span> <span class='ocrx_word' id='word_1_43' title='bbox 879 808 916 859; x_wconf 91' lang='lat' dir='ltr'>ut</span> <span class='ocrx_word' id='word_1_44' title='bbox 944 820 1049 883; x_wconf 86' lang='lat' dir='ltr'>neque</span> <span class='ocrx_word' id='word_1_45' title='bbox 1081 820 1159 862; x_wconf 80' lang='lat' dir='ltr'>vere</span> <span class='ocrx_word' id='word_1_46' title='bbox 1184 821 1278 886; x_wconf 90' lang='lat' dir='ltr'>saepe</span> <span class='ocrx_word' id='word_1_47' title='bbox 1321 860 1324 866; x_wconf 86' lang='lat'>.</span> 
     </span>
     <span class='ocr_line' id='line_1_7' title="bbox 232 882 1325 975; baseline -0.01 -15"><span class='ocrx_word' id='word_1_48' title='bbox 232 914 322 960; x_wconf 90' lang='lat' dir='ltr'>nune</span> <span class='ocrx_word' id='word_1_49' title='bbox 337 890 462 975; x_wconf 84' lang='lat' dir='ltr'>legatur</span> <span class='ocrx_word' id='word_1_50' title='bbox 478 885 511 948; x_wconf 93' lang='lat' dir='ltr'>in</span> <span class='ocrx_word' id='word_1_51' title='bbox 529 882 620 947; x_wconf 89' lang='lat' dir='ltr'>libris</span> <span class='ocrx_word' id='word_1_52' title='bbox 638 884 806 948; x_wconf 83' lang='lat' dir='ltr'>Ciceronis</span> <span class='ocrx_word' id='word_1_53' title='bbox 823 883 863 946; x_wconf 93' lang='lat' dir='ltr'>de</span> <span class='ocrx_word' id='word_1_54' title='bbox 878 883 1038 961; x_wconf 84' lang='lat' dir='ltr'>Oratore,</span> <span class='ocrx_word' id='word_1_55' title='bbox 1061 905 1226 968; x_wconf 78' lang='lat' dir='ltr'>nusquam</span> <span class='ocrx_word' id='word_1_56' title='bbox 1249 886 1278 950; x_wconf 91' lang='lat' dir='ltr'>in</span> <span class='ocrx_word' id='word_1_57' title='bbox 1318 919 1325 955; x_wconf 66' lang='grc' dir='ltr'>,τ</span> 
     </span>
    </p>

    <p class='ocr_par' dir='ltr' id='par_1_3' title="bbox 155 969 1325 1142">
     <span class='ocr_line' id='line_1_8' title="bbox 155 969 1325 1051; baseline -0.01 -6"><span class='ocrx_word' id='word_1_58' title='bbox 155 981 157 985; x_wconf 66' lang='grc'>’</span> <span class='ocrx_word' id='word_1_59' title='bbox 233 980 338 1045; x_wconf 87' lang='lat' dir='ltr'>Bruto</span> <span class='ocrx_word' id='word_1_60' title='bbox 355 973 434 1037; x_wconf 91' lang='lat' dir='ltr'>etin</span> <span class='ocrx_word' id='word_1_61' title='bbox 452 970 613 1047; x_wconf 83' lang='lat' dir='ltr'>Oratore,</span> <span class='ocrx_word' id='word_1_62' title='bbox 634 978 667 1032; x_wconf 91' lang='lat' dir='ltr'>et</span> <span class='ocrx_word' id='word_1_63' title='bbox 689 981 725 1032; x_wconf 93' lang='lat' dir='ltr'>ut</span> <span class='ocrx_word' id='word_1_64' title='bbox 742 971 944 1033; x_wconf 84' lang='lat' dir='ltr'>Goerenuius</span> <span class='ocrx_word' id='word_1_65' title='bbox 959 969 1000 1045; x_wconf 87' lang='lat' dir='ltr'>ad</span> <span class='ocrx_word' id='word_1_66' title='bbox 1015 971 1114 1032; x_wconf 81' lang='lat' dir='ltr'>Acad.</span> <span class='ocrx_word' id='word_1_67' title='bbox 1136 974 1217 1051; x_wconf 78' lang='grc'><strong>2,7,</strong></span> <span class='ocrx_word' id='word_1_68' title='bbox 1233 975 1277 1035; x_wconf 83' lang='grc'>19.</span> <span class='ocrx_word' id='word_1_69' title='bbox 1318 1005 1325 1046; x_wconf 70' lang='lat'><em>2</em></span> 
     </span>
     <span class='ocr_line' id='line_1_9' title="bbox 233 1053 1277 1142; baseline -0.011 -11"><span class='ocrx_word' id='word_1_70' title='bbox 233 1061 355 1134; x_wconf 81' lang='lat' dir='ltr'>refert,</span> <span class='ocrx_word' id='word_1_71' title='bbox 379 1054 566 1142; x_wconf 91' lang='lat' dir='ltr'>quindecim</span> <span class='ocrx_word' id='word_1_72' title='bbox 583 1054 617 1117; x_wconf 91' lang='lat' dir='ltr'>in</span> <span class='ocrx_word' id='word_1_73' title='bbox 635 1053 717 1118; x_wconf 88' lang='lat' dir='ltr'>locis</span> <span class='ocrx_word' id='word_1_74' title='bbox 742 1055 950 1118; x_wconf 85' lang='lat' dir='ltr'>orationum:</span> <span class='ocrx_word' id='word_1_75' title='bbox 973 1076 1034 1118; x_wconf 92' lang='lat' dir='ltr'>nee</span> <span class='ocrx_word' id='word_1_76' title='bbox 1057 1076 1134 1118; x_wconf 87' lang='lat' dir='ltr'>sana</span> <span class='ocrx_word' id='word_1_77' title='bbox 1157 1054 1277 1120; x_wconf 88' lang='lat' dir='ltr'>ratione</span> 
     </span>
    </p>

    <p class='ocr_par' dir='ltr' id='par_1_4' title="bbox 235 1136 1325 1229">
     <span class='ocr_line' id='line_1_10' title="bbox 235 1136 1325 1229; baseline -0.009 -15"><span class='ocrx_word' id='word_1_78' title='bbox 235 1172 256 1214; x_wconf 92' lang='lat' dir='ltr'>o</span> <span class='ocrx_word' id='word_1_79' title='bbox 283 1145 364 1212; x_wconf 86' lang='lat' dir='ltr'>inari</span> <span class='ocrx_word' id='word_1_80' title='bbox 384 1162 569 1229; x_wconf 83' lang='lat' dir='ltr'>possumus.</span> <span class='ocrx_word' id='word_1_81' title='bbox 586 1140 618 1202; x_wconf 92' lang='lat' dir='ltr'>in</span> <span class='ocrx_word' id='word_1_82' title='bbox 635 1138 704 1202; x_wconf 85' lang='lat' dir='ltr'>aliis</span> <span class='ocrx_word' id='word_1_83' title='bbox 720 1139 810 1205; x_wconf 90' lang='lat' dir='ltr'>libris</span> <span class='ocrx_word' id='word_1_84' title='bbox 822 1140 1017 1203; x_wconf 83' lang='lat' dir='ltr'>Ciceronem</span> <span class='ocrx_word' id='word_1_85' title='bbox 1034 1136 1139 1219; x_wconf 86' lang='lat' dir='ltr'>hanc,</span> <span class='ocrx_word' id='word_1_86' title='bbox 1163 1140 1197 1204; x_wconf 88' lang='lat' dir='ltr'>in</span> <span class='ocrx_word' id='word_1_87' title='bbox 1214 1141 1277 1204; x_wconf 78' lang='lat' dir='ltr'>eiiii</span> <span class='ocrx_word' id='word_1_88' title='bbox 1313 1177 1325 1211; x_wconf 72' lang='lat' dir='ltr'>s</span> 
     </span>
    </p>

    <p class='ocr_par' dir='ltr' id='par_1_5' title="bbox 233 1171 1326 1751">
     <span class='ocr_line' id='line_1_11' title="bbox 233 1171 1325 1312; baseline -0.011 -9"><span class='ocrx_word' id='word_1_89' title='bbox 233 1171 325 1304; x_wconf 75' lang='lat' dir='ltr'>itiim</span> <span class='ocrx_word' id='word_1_90' title='bbox 346 1226 490 1292; x_wconf 82' lang='lat' dir='ltr'>formam</span> <span class='ocrx_word' id='word_1_91' title='bbox 509 1223 707 1288; x_wconf 84' lang='lat' dir='ltr'>adhibuisse.</span> <span class='ocrx_word' id='word_1_92' title='bbox 744 1223 829 1289; x_wconf 83' lang='lat' dir='ltr'>Illud</span> <span class='ocrx_word' id='word_1_93' title='bbox 846 1234 954 1288; x_wconf 88' lang='lat' dir='ltr'>tamen</span> <span class='ocrx_word' id='word_1_94' title='bbox 971 1235 1018 1288; x_wconf 88' lang='lat' dir='ltr'>est</span> <span class='ocrx_word' id='word_1_95' title='bbox 1035 1235 1164 1288; x_wconf 86' lang='lat' dir='ltr'>eertum</span> <span class='ocrx_word' id='word_1_96' title='bbox 1180 1248 1277 1312; x_wconf 81' lang='lat' dir='ltr'>neque</span> <span class='ocrx_word' id='word_1_97' title='bbox 1312 1259 1325 1297; x_wconf 73' lang='lat' dir='ltr'>r</span> 
     </span>
     <span class='ocr_line' id='line_1_12' title="bbox 236 1309 1325 1399; baseline -0.006 -13"><span class='ocrx_word' id='word_1_98' title='bbox 236 1341 312 1387; x_wconf 76' lang='lat' dir='ltr'>uero</span> <span class='ocrx_word' id='word_1_99' title='bbox 333 1333 465 1399; x_wconf 85' lang='lat' dir='ltr'>semper</span> <span class='ocrx_word' id='word_1_100' title='bbox 480 1309 600 1374; x_wconf 89' lang='lat' dir='ltr'>habere</span> <span class='ocrx_word' id='word_1_101' title='bbox 616 1311 681 1372; x_wconf 85' lang='lat' dir='ltr'>vim</span> <span class='ocrx_word' id='word_1_102' title='bbox 698 1310 928 1388; x_wconf 71' lang='lat' dir='ltr'>continuandi,</span> <span class='ocrx_word' id='word_1_103' title='bbox 951 1320 983 1373; x_wconf 91' lang='lat' dir='ltr'>et</span> <span class='ocrx_word' id='word_1_104' title='bbox 1005 1332 1074 1375; x_wconf 88' lang='lat' dir='ltr'>esse</span> <span class='ocrx_word' id='word_1_105' title='bbox 1089 1309 1164 1374; x_wconf 84' lang='lat' dir='ltr'>und</span> <span class='ocrx_word' id='word_1_106' title='bbox 1180 1310 1277 1377; x_wconf 75' lang='lat' dir='ltr'>wiri·</span> <span class='ocrx_word' id='word_1_107' title='bbox 1311 1329 1325 1380; x_wconf 54' lang='grc' dir='ltr'>ἐξ</span> 
     </span>
     <span class='ocr_line' id='line_1_13' title="bbox 235 1393 1315 1471; baseline -0.012 -1"><span class='ocrx_word' id='word_1_108' title='bbox 235 1404 305 1471; x_wconf 73' lang='lat' dir='ltr'>tiele</span> <span class='ocrx_word' id='word_1_109' title='bbox 319 1398 432 1467; x_wconf 73' lang='lat' dir='ltr'>nieht.</span> <span class='ocrx_word' id='word_1_110' title='bbox 453 1395 548 1459; x_wconf 87' lang='lat' dir='ltr'>sicuti</span> <span class='ocrx_word' id='word_1_111' title='bbox 563 1396 595 1458; x_wconf 93' lang='lat' dir='ltr'>in</span> <span class='ocrx_word' id='word_1_112' title='bbox 614 1393 810 1459; x_wconf 84' lang='lat' dir='ltr'>affirmativa</span> <span class='ocrx_word' id='word_1_113' title='bbox 826 1396 986 1458; x_wconf 88' lang='lat' dir='ltr'>sententia</span> <span class='ocrx_word' id='word_1_114' title='bbox 1002 1395 1122 1459; x_wconf 88' lang='lat' dir='ltr'>dicitur</span> <span class='ocrx_word' id='word_1_115' title='bbox 1136 1406 1170 1459; x_wconf 90' lang='lat' dir='ltr'>et</span> <span class='ocrx_word' id='word_1_116' title='bbox 1189 1418 1277 1460; x_wconf 82' lang='lat' dir='ltr'>vero.-</span> <span class='ocrx_word' id='word_1_117' title='bbox 1309 1459 1315 1466; x_wconf 69' lang='grc'><strong>,</strong></span> 
     </span>
     <span class='ocr_line' id='line_1_14' title="bbox 235 1480 1326 1558; baseline -0.007 -8"><span class='ocrx_word' id='word_1_118' title='bbox 235 1482 395 1558; x_wconf 71' lang='grc' dir='ltr'><em>ηεσ·’νενο</em></span> <span class='ocrx_word' id='word_1_119' title='bbox 422 1482 465 1547; x_wconf 92' lang='lat' dir='ltr'>ibi</span> <span class='ocrx_word' id='word_1_120' title='bbox 492 1482 636 1544; x_wconf 85' lang='lat' dir='ltr'>maxime</span> <span class='ocrx_word' id='word_1_121' title='bbox 659 1480 858 1556; x_wconf 79' lang='lat' dir='ltr'>collocatur,</span> <span class='ocrx_word' id='word_1_122' title='bbox 879 1480 935 1543; x_wconf 91' lang='lat' dir='ltr'>ubi</span> <span class='ocrx_word' id='word_1_123' title='bbox 959 1481 993 1542; x_wconf 94' lang='lat' dir='ltr'>in</span> <span class='ocrx_word' id='word_1_124' title='bbox 1015 1481 1176 1546; x_wconf 85' lang='lat' dir='ltr'>sententia</span> <span class='ocrx_word' id='word_1_125' title='bbox 1199 1481 1277 1545; x_wconf 85' lang='lat' dir='ltr'>ineat</span> <span class='ocrx_word' id='word_1_126' title='bbox 1306 1495 1326 1552; x_wconf 61' lang='lat' dir='ltr'>a</span> 
     </span>
     <span class='ocr_line' id='line_1_15' title="bbox 235 1563 1326 1663; baseline -0.003 -29"><span class='ocrx_word' id='word_1_127' title='bbox 235 1570 443 1663; x_wconf 78' lang='lat' dir='ltr'>oppositum.</span> <span class='ocrx_word' id='word_1_128' title='bbox 488 1566 556 1629; x_wconf 87' lang='lat' dir='ltr'>Cic.</span> <span class='ocrx_word' id='word_1_129' title='bbox 577 1563 617 1628; x_wconf 90' lang='lat' dir='ltr'>de</span> <span class='ocrx_word' id='word_1_130' title='bbox 634 1565 700 1628; x_wconf 85' lang='lat' dir='ltr'>Off.</span> <span class='ocrx_word' id='word_1_131' title='bbox 718 1573 746 1642; x_wconf 84' lang='lat'>1,</span> <span class='ocrx_word' id='word_1_132' title='bbox 765 1569 796 1633; x_wconf 85' lang='lat'>8.</span> <span class='ocrx_word' id='word_1_133' title='bbox 811 1567 865 1630; x_wconf 78' lang='lat'>25.</span> <span class='ocrx_word' id='word_1_134' title='bbox 890 1564 1062 1630; x_wconf 85' lang='lat' dir='ltr'>delectent</span> <span class='ocrx_word' id='word_1_135' title='bbox 1076 1567 1185 1631; x_wconf 85' lang='lat' dir='ltr'>etiam</span> <span class='ocrx_word' id='word_1_136' title='bbox 1206 1589 1277 1631; x_wconf 85' lang='lat' dir='ltr'>ma·</span> <span class='ocrx_word' id='word_1_137' title='bbox 1304 1588 1326 1638; x_wconf 51' lang='lat' dir='ltr'>,t</span> 
     </span>
     <span class='ocr_line' id='line_1_16' title="bbox 234 1649 1326 1751; baseline -0.005 -31"><span class='ocrx_word' id='word_1_138' title='bbox 234 1653 360 1751; x_wconf 74' lang='lat' dir='ltr'>gnrflci</span> <span class='ocrx_word' id='word_1_139' title='bbox 376 1661 568 1751; x_wconf 80' lang='lat' dir='ltr'>apparatus</span> <span class='ocrx_word' id='word_1_140' title='bbox 583 1650 735 1736; x_wconf 74' lang='lat' dir='ltr'>vitaeque</span> <span class='ocrx_word' id='word_1_141' title='bbox 749 1651 858 1714; x_wconf 85' lang='lat' dir='ltr'>cultus</span> <span class='ocrx_word' id='word_1_142' title='bbox 877 1673 952 1713; x_wconf 86' lang='lat' dir='ltr'>cum</span> <span class='ocrx_word' id='word_1_143' title='bbox 967 1649 1145 1737; x_wconf 79' lang='lat' dir='ltr'>elegantia</span> <span class='ocrx_word' id='word_1_144' title='bbox 1169 1662 1204 1715; x_wconf 85' lang='lat' dir='ltr'>et</span> <span class='ocrx_word' id='word_1_145' title='bbox 1225 1674 1275 1717; x_wconf 87' lang='lat' dir='ltr'>co·</span> <span class='ocrx_word' id='word_1_146' title='bbox 1324 1696 1326 1714; x_wconf 88' lang='grc'><strong>.</strong></span> 
     </span>
    </p>

    <p class='ocr_par' dir='ltr' id='par_1_6' title="bbox 118 1731 1326 2069">
     <span class='ocr_line' id='line_1_17' title="bbox 118 1731 1326 1838; baseline 0 -36"><span class='ocrx_word' id='word_1_147' title='bbox 118 1774 122 1789; x_wconf 76' lang='lat'>=</span> <span class='ocrx_word' id='word_1_148' title='bbox 231 1747 318 1835; x_wconf 73' lang='lat' dir='ltr'>pia,</span> <span class='ocrx_word' id='word_1_149' title='bbox 346 1735 462 1838; x_wconf 72' lang='lat' dir='ltr'>petibus</span> <span class='ocrx_word' id='word_1_150' title='bbox 484 1733 581 1800; x_wconf 84' lang='lat' dir='ltr'>rebus</span> <span class='ocrx_word' id='word_1_151' title='bbox 603 1731 765 1822; x_wconf 83' lang='lat' dir='ltr'>effectum</span> <span class='ocrx_word' id='word_1_152' title='bbox 788 1753 855 1813; x_wconf 85' lang='lat' dir='ltr'>est,</span> <span class='ocrx_word' id='word_1_153' title='bbox 889 1748 926 1799; x_wconf 94' lang='lat' dir='ltr'>ut</span> <span class='ocrx_word' id='word_1_154' title='bbox 951 1731 1092 1821; x_wconf 82' lang='lat' dir='ltr'>infinita</span> <span class='ocrx_word' id='word_1_155' title='bbox 1113 1738 1277 1821; x_wconf 82' lang='lat' dir='ltr'>pecuniae</span> <span class='ocrx_word' id='word_1_156' title='bbox 1324 1791 1326 1802; x_wconf 60' lang='grc'><strong>.</strong></span> 
     </span>
     <span class='ocr_line' id='line_1_18' title="bbox 236 1817 1326 1916; baseline -0.004 -25"><span class='ocrx_word' id='word_1_157' title='bbox 236 1825 411 1916; x_wconf 77' lang='lat' dir='ltr'>cupidates</span> <span class='ocrx_word' id='word_1_158' title='bbox 432 1832 526 1886; x_wconf 86' lang='lat' dir='ltr'>esset.</span> <span class='ocrx_word' id='word_1_159' title='bbox 569 1817 640 1884; x_wconf 83' lang='lat' dir='ltr'>Nec</span> <span class='ocrx_word' id='word_1_160' title='bbox 663 1843 739 1885; x_wconf 76' lang='lat' dir='ltr'>vero</span> <span class='ocrx_word' id='word_1_161' title='bbox 763 1822 815 1886; x_wconf 85' lang='lat' dir='ltr'>rei</span> <span class='ocrx_word' id='word_1_162' title='bbox 834 1820 1024 1908; x_wconf 67' lang='lat' dir='ltr'>familiaria</span> <span class='ocrx_word' id='word_1_163' title='bbox 1045 1817 1277 1908; x_wconf 75' lang='lat' dir='ltr'>amplificatio,</span> <span class='ocrx_word' id='word_1_164' title='bbox 1302 1856 1326 1912; x_wconf 61' lang='lat' dir='ltr'>fn</span> 
     </span>
     <span class='ocr_line' id='line_1_19' title="bbox 235 1903 1324 1995; baseline -0.006 -17"><span class='ocrx_word' id='word_1_165' title='bbox 235 1909 367 1984; x_wconf 79' lang='lat' dir='ltr'>nemini</span> <span class='ocrx_word' id='word_1_166' title='bbox 378 1929 518 1986; x_wconf 85' lang='lat' dir='ltr'>nocens,</span> <span class='ocrx_word' id='word_1_167' title='bbox 540 1905 790 1992; x_wconf 80' lang='lat' dir='ltr'>vituperanda.-</span> <span class='ocrx_word' id='word_1_168' title='bbox 814 1905 876 1971; x_wconf 83' lang='lat' dir='ltr'>sed</span> <span class='ocrx_word' id='word_1_169' title='bbox 883 1903 1061 1995; x_wconf 75' lang='lat' dir='ltr'>jugienda</span> <span class='ocrx_word' id='word_1_170' title='bbox 1078 1928 1213 1994; x_wconf 82' lang='lat' dir='ltr'>semper</span> <span class='ocrx_word' id='word_1_171' title='bbox 1226 1908 1276 1973; x_wconf 87' lang='lat' dir='ltr'>ia·</span> <span class='ocrx_word' id='word_1_172' title='bbox 1302 1918 1324 1979; x_wconf 60' lang='lat' dir='ltr'>h</span> 
     </span>
     <span class='ocr_line' id='line_1_20' title="bbox 232 1999 405 2069; baseline -0.081 0"><span class='ocrx_word' id='word_1_173' title='bbox 232 1999 405 2069; x_wconf 85' lang='lat' dir='ltr'>iuriaest.</span> 
     </span>
    </p>
   </div>
   <div class='ocr_carea' id='block_1_3' title="bbox 301 2105 1299 2433">
    <p class='ocr_par' dir='ltr' id='par_1_7' title="bbox 301 2104 1300 2433">
     <span class='ocr_line' id='line_1_21' title="bbox 347 2105 1276 2179; baseline 0 -15"><span class='ocrx_word' id='word_1_174' title='bbox 347 2112 404 2164; x_wconf 83' lang='lat' dir='ltr'>Cic.</span> <span class='ocrx_word' id='word_1_175' title='bbox 420 2111 454 2162; x_wconf 82' lang='lat' dir='ltr'>ds</span> <span class='ocrx_word' id='word_1_176' title='bbox 469 2109 533 2164; x_wconf 82' lang='lat' dir='ltr'>Nat.</span> <span class='ocrx_word' id='word_1_177' title='bbox 549 2109 576 2162; x_wconf 87' lang='lat' dir='ltr'>d.</span> <span class='ocrx_word' id='word_1_178' title='bbox 591 2108 617 2173; x_wconf 80' lang='lat'>2,</span> <span class='ocrx_word' id='word_1_179' title='bbox 632 2105 676 2173; x_wconf 72' lang='lat' dir='ltr'>di,</span> <span class='ocrx_word' id='word_1_180' title='bbox 690 2109 750 2162; x_wconf 80' lang='lat'>162.</span> <span class='ocrx_word' id='word_1_181' title='bbox 767 2128 811 2162; x_wconf 83' lang='lat' dir='ltr'>nec</span> <span class='ocrx_word' id='word_1_182' title='bbox 833 2127 892 2163; x_wconf 83' lang='lat' dir='ltr'>uera</span> <span class='ocrx_word' id='word_1_183' title='bbox 912 2127 992 2179; x_wconf 80' lang='lat' dir='ltr'>supra</span> <span class='ocrx_word' id='word_1_184' title='bbox 1010 2117 1124 2175; x_wconf 65' lang='lat' dir='ltr'>mam,</span> <span class='ocrx_word' id='word_1_185' title='bbox 1142 2113 1188 2164; x_wconf 79' lang='lat' dir='ltr'>aed</span> <span class='ocrx_word' id='word_1_186' title='bbox 1207 2113 1276 2164; x_wconf 66' lang='lat' dir='ltr'>etiem</span> 
     </span>
     <span class='ocr_line' id='line_1_22' title="bbox 301 2193 1299 2271; baseline -0.006 -19"><span class='ocrx_word' id='word_1_187' title='bbox 301 2201 330 2253; x_wconf 77' lang='lat' dir='ltr'>in</span> <span class='ocrx_word' id='word_1_188' title='bbox 346 2197 444 2250; x_wconf 76' lang='lat' dir='ltr'>intimis</span> <span class='ocrx_word' id='word_1_189' title='bbox 457 2195 511 2247; x_wconf 74' lang='lat' dir='ltr'>eius</span> <span class='ocrx_word' id='word_1_190' title='bbox 527 2195 637 2247; x_wconf 81' lang='lat' dir='ltr'>tenebris</span> <span class='ocrx_word' id='word_1_191' title='bbox 651 2196 828 2263; x_wconf 73' lang='lat' dir='ltr'>plurimarum</span> <span class='ocrx_word' id='word_1_192' title='bbox 843 2212 929 2247; x_wconf 80' lang='lat' dir='ltr'>rerum</span> <span class='ocrx_word' id='word_1_193' title='bbox 944 2197 1006 2248; x_wconf 82' lang='lat' dir='ltr'>tutet</span> <span class='ocrx_word' id='word_1_194' title='bbox 1020 2196 1131 2249; x_wconf 77' lang='lat' dir='ltr'>utilitas.</span> <span class='ocrx_word' id='word_1_195' title='bbox 1150 2193 1276 2261; x_wconf 75' lang='lat' dir='ltr'>2,29‚ii·</span> <span class='ocrx_word' id='word_1_196' title='bbox 1296 2228 1299 2271; x_wconf 34' lang='grc' dir='ltr'>ζ</span> 
     </span>
     <span class='ocr_line' id='line_1_23' title="bbox 301 2266 1276 2349; baseline -0.002 -12"><span class='ocrx_word' id='word_1_197' title='bbox 301 2279 428 2337; x_wconf 72' lang='lat' dir='ltr'>Davisius</span> <span class='ocrx_word' id='word_1_198' title='bbox 443 2278 477 2332; x_wconf 85' lang='lat' dir='ltr'>ed</span> <span class='ocrx_word' id='word_1_199' title='bbox 492 2277 550 2331; x_wconf 78' lang='lat' dir='ltr'>cte.</span> <span class='ocrx_word' id='word_1_200' title='bbox 566 2277 600 2330; x_wconf 85' lang='lat' dir='ltr'>de</span> <span class='ocrx_word' id='word_1_201' title='bbox 615 2278 677 2332; x_wconf 78' lang='lat' dir='ltr'>nst.</span> <span class='ocrx_word' id='word_1_202' title='bbox 693 2279 719 2331; x_wconf 88' lang='lat' dir='ltr'>d.</span> <span class='ocrx_word' id='word_1_203' title='bbox 734 2277 760 2342; x_wconf 84' lang='lat'>2,</span> <span class='ocrx_word' id='word_1_204' title='bbox 775 2276 818 2330; x_wconf 73' lang='grc'>64.</span> <span class='ocrx_word' id='word_1_205' title='bbox 838 2288 981 2346; x_wconf 83' lang='lat' dir='ltr'>comparat</span> <span class='ocrx_word' id='word_1_206' title='bbox 996 2293 1099 2349; x_wconf 81' lang='lat' dir='ltr'>graeca</span> <span class='ocrx_word' id='word_1_207' title='bbox 1112 2276 1149 2335; x_wconf 85' lang='lat' dir='ltr'>ori</span> <span class='ocrx_word' id='word_1_208' title='bbox 1163 2307 1199 2319; x_wconf 91' lang='grc'>-·</span> <span class='ocrx_word' id='word_1_209' title='bbox 1215 2266 1276 2335; x_wconf 67' lang='lat' dir='ltr'>etti</span> 
     </span>
     <span class='ocr_line' id='line_1_24' title="bbox 301 2361 1298 2433; baseline 0.002 -18"><span class='ocrx_word' id='word_1_210' title='bbox 301 2366 350 2422; x_wconf 66' lang='lat' dir='ltr'>uei</span> <span class='ocrx_word' id='word_1_211' title='bbox 357 2404 366 2431; x_wconf 86' lang='lat'>‚</span> <span class='ocrx_word' id='word_1_212' title='bbox 389 2361 467 2433; x_wconf 74' lang='lat' dir='ltr'>quasi</span> <span class='ocrx_word' id='word_1_213' title='bbox 481 2380 598 2415; x_wconf 81' lang='lat' dir='ltr'>necuere</span> <span class='ocrx_word' id='word_1_214' title='bbox 612 2362 718 2416; x_wconf 84' lang='lat' dir='ltr'>dicetur</span> <span class='ocrx_word' id='word_1_215' title='bbox 732 2381 781 2433; x_wconf 87' lang='lat' dir='ltr'>pro</span> <span class='ocrx_word' id='word_1_216' title='bbox 795 2382 840 2416; x_wconf 86' lang='lat' dir='ltr'>nea</span> <span class='ocrx_word' id='word_1_217' title='bbox 853 2383 912 2417; x_wconf 83' lang='lat' dir='ltr'>cero</span> <span class='ocrx_word' id='word_1_218' title='bbox 924 2372 1036 2417; x_wconf 83' lang='lat' dir='ltr'>tantum.</span> <span class='ocrx_word' id='word_1_219' title='bbox 1296 2394 1298 2399; x_wconf 96' lang='lat'>·</span> 
     </span>
    </p>
   </div>
   <div class='ocr_carea' id='block_1_4' title="bbox 299 2463 1276 2790">
    <p class='ocr_par' dir='ltr' id='par_1_8' title="bbox 299 2463 1276 2790">
     <span class='ocr_line' id='line_1_25' title="bbox 345 2463 1276 2532; baseline 0.002 -12"><span class='ocrx_word' id='word_1_220' title='bbox 345 2465 444 2520; x_wconf 83' lang='lat' dir='ltr'>(iieera</span> <span class='ocrx_word' id='word_1_221' title='bbox 458 2464 568 2517; x_wconf 83' lang='lat' dir='ltr'>videtur</span> <span class='ocrx_word' id='word_1_222' title='bbox 581 2463 741 2532; x_wconf 85' lang='lat' dir='ltr'>quibusdem</span> <span class='ocrx_word' id='word_1_223' title='bbox 758 2464 851 2518; x_wconf 79' lang='lat' dir='ltr'>verbis</span> <span class='ocrx_word' id='word_1_224' title='bbox 866 2467 982 2519; x_wconf 83' lang='lat' dir='ltr'>alteram</span> <span class='ocrx_word' id='word_1_225' title='bbox 998 2472 1087 2518; x_wconf 79' lang='lat' dir='ltr'>utrem</span> <span class='ocrx_word' id='word_1_226' title='bbox 1104 2467 1223 2522; x_wconf 82' lang='lat' dir='ltr'>termam</span> <span class='ocrx_word' id='word_1_227' title='bbox 1236 2485 1276 2522; x_wconf 86' lang='lat' dir='ltr'>ac·</span> 
     </span>
     <span class='ocr_line' id='line_1_26' title="bbox 299 2544 1275 2617; baseline -0.001 -13"><span class='ocrx_word' id='word_1_228' title='bbox 299 2549 494 2604; x_wconf 78' lang='lat' dir='ltr'>commodasse.</span> <span class='ocrx_word' id='word_1_229' title='bbox 528 2544 604 2600; x_wconf 80' lang='lat' dir='ltr'>Dixit</span> <span class='ocrx_word' id='word_1_230' title='bbox 616 2548 688 2601; x_wconf 85' lang='lat' dir='ltr'>enim</span> <span class='ocrx_word' id='word_1_231' title='bbox 699 2566 807 2616; x_wconf 83' lang='lat' dir='ltr'>semper</span> <span class='ocrx_word' id='word_1_232' title='bbox 821 2567 866 2601; x_wconf 81' lang='lat' dir='ltr'>nec</span> <span class='ocrx_word' id='word_1_233' title='bbox 880 2569 939 2604; x_wconf 82' lang='lat' dir='ltr'>uera</span> <span class='ocrx_word' id='word_1_234' title='bbox 951 2568 1034 2602; x_wconf 79' lang='lat' dir='ltr'>nunes</span> <span class='ocrx_word' id='word_1_235' title='bbox 1053 2551 1087 2602; x_wconf 86' lang='lat' dir='ltr'>ad</span> <span class='ocrx_word' id='word_1_236' title='bbox 1096 2552 1153 2604; x_wconf 77' lang='lat' dir='ltr'>tit.</span> <span class='ocrx_word' id='word_1_237' title='bbox 1168 2551 1195 2617; x_wconf 71' lang='lat'>6,</span> <span class='ocrx_word' id='word_1_238' title='bbox 1210 2553 1235 2606; x_wconf 72' lang='grc' dir='ltr'>ὃ.</span> <span class='ocrx_word' id='word_1_239' title='bbox 1253 2551 1275 2615; x_wconf 82' lang='lat' dir='ltr'>i,</span> 
     </span>
     <span class='ocr_line' id='line_1_27' title="bbox 300 2631 1275 2703; baseline 0.001 -14"><span class='ocrx_word' id='word_1_240' title='bbox 300 2637 361 2689; x_wconf 69' lang='lat' dir='ltr'>le:</span> <span class='ocrx_word' id='word_1_241' title='bbox 378 2639 441 2688; x_wconf 84' lang='lat' dir='ltr'>ente</span> <span class='ocrx_word' id='word_1_242' title='bbox 456 2631 615 2700; x_wconf 84' lang='lat' dir='ltr'>pronomina</span> <span class='ocrx_word' id='word_1_243' title='bbox 634 2652 713 2700; x_wconf 78' lang='lat' dir='ltr'>neque</span> <span class='ocrx_word' id='word_1_244' title='bbox 735 2652 812 2686; x_wconf 77' lang='lat' dir='ltr'>ueros</span> <span class='ocrx_word' id='word_1_245' title='bbox 830 2633 917 2687; x_wconf 83' lang='lat' dir='ltr'>veluti</span> <span class='ocrx_word' id='word_1_246' title='bbox 939 2653 1019 2703; x_wconf 83' lang='lat' dir='ltr'>neque</span> <span class='ocrx_word' id='word_1_247' title='bbox 1040 2653 1097 2689; x_wconf 84' lang='lat' dir='ltr'>cero</span> <span class='ocrx_word' id='word_1_248' title='bbox 1117 2638 1196 2691; x_wconf 78' lang='lat' dir='ltr'>ittam</span> <span class='ocrx_word' id='word_1_249' title='bbox 1217 2637 1275 2692; x_wconf 80' lang='lat' dir='ltr'>Phi</span> 
     </span>
     <span class='ocr_line' id='line_1_28' title="bbox 301 2717 1044 2790; baseline -0.003 -18"><span class='ocrx_word' id='word_1_250' title='bbox 301 2719 369 2790; x_wconf 83' lang='lat' dir='ltr'>lipp·</span> <span class='ocrx_word' id='word_1_251' title='bbox 391 2718 416 2782; x_wconf 88' lang='lat' dir='ltr'>l,</span> <span class='ocrx_word' id='word_1_252' title='bbox 434 2717 459 2781; x_wconf 76' lang='grc'>4,</span> <span class='ocrx_word' id='word_1_253' title='bbox 474 2717 500 2768; x_wconf 84' lang='grc'>9.</span> <span class='ocrx_word' id='word_1_254' title='bbox 518 2735 600 2787; x_wconf 79' lang='lat' dir='ltr'>neque</span> <span class='ocrx_word' id='word_1_255' title='bbox 614 2737 673 2770; x_wconf 86' lang='lat' dir='ltr'>uero</span> <span class='ocrx_word' id='word_1_256' title='bbox 686 2719 753 2769; x_wconf 74' lang='lat' dir='ltr'>initii</span> <span class='ocrx_word' id='word_1_257' title='bbox 770 2717 804 2768; x_wconf 91' lang='lat' dir='ltr'>dc</span> <span class='ocrx_word' id='word_1_258' title='bbox 821 2718 897 2774; x_wconf 81' lang='lat' dir='ltr'>Orat.</span> <span class='ocrx_word' id='word_1_259' title='bbox 916 2719 941 2782; x_wconf 85' lang='lat'>1,</span> <span class='ocrx_word' id='word_1_260' title='bbox 958 2718 984 2783; x_wconf 83' lang='lat'>8,</span> <span class='ocrx_word' id='word_1_261' title='bbox 1001 2717 1044 2771; x_wconf 75' lang='lat'>3⁰.</span> 
     </span>
    </p>
   </div>
   <div class='ocr_carea' id='block_1_5' title="bbox 182 2817 1309 3143">
    <p class='ocr_par' dir='ltr' id='par_1_9' title="bbox 343 2817 1305 2897">
     <span class='ocr_line' id='line_1_29' title="bbox 343 2817 1305 2887; baseline 0.005 -15"><span class='ocrx_word' id='word_1_262' title='bbox 343 2819 457 2887; x_wconf 78' lang='lat' dir='ltr'>Quintil.</span> <span class='ocrx_word' id='word_1_263' title='bbox 473 2818 516 2882; x_wconf 83' lang='lat'>12,</span> <span class='ocrx_word' id='word_1_264' title='bbox 532 2817 559 2881; x_wconf 81' lang='grc'>7,</span> <span class='ocrx_word' id='word_1_265' title='bbox 574 2817 600 2871; x_wconf 85' lang='grc'>6.</span> <span class='ocrx_word' id='word_1_266' title='bbox 617 2838 670 2872; x_wconf 83' lang='lat' dir='ltr'>non</span> <span class='ocrx_word' id='word_1_267' title='bbox 688 2821 756 2871; x_wconf 85' lang='lat' dir='ltr'>enim</span> <span class='ocrx_word' id='word_1_268' title='bbox 766 2825 879 2887; x_wconf 77' lang='lat' dir='ltr'>fortune</span> <span class='ocrx_word' id='word_1_269' title='bbox 895 2836 999 2873; x_wconf 75' lang='lat' dir='ltr'>ramses</span> <span class='ocrx_word' id='word_1_270' title='bbox 1017 2819 1057 2873; x_wconf 86' lang='lat' dir='ltr'>uei</span> <span class='ocrx_word' id='word_1_271' title='bbox 1080 2822 1165 2875; x_wconf 80' lang='lat' dir='ltr'>iustas</span> <span class='ocrx_word' id='word_1_272' title='bbox 1180 2826 1219 2877; x_wconf 83' lang='lat' dir='ltr'>aei</span> <span class='ocrx_word' id='word_1_273' title='bbox 1233 2825 1276 2877; x_wconf 79' lang='lat' dir='ltr'>int·</span> <span class='ocrx_word' id='word_1_274' title='bbox 1297 2818 1305 2875; x_wconf 73' lang='lat' dir='ltr'>i</span> 
     </span>
    </p>

    <p class='ocr_par' dir='ltr' id='par_1_10' title="bbox 296 2903 1304 2979">
     <span class='ocr_line' id='line_1_30' title="bbox 296 2903 1304 2979; baseline 0.007 -23"><span class='ocrx_word' id='word_1_275' title='bbox 296 2907 390 2974; x_wconf 77' lang='lat' dir='ltr'>&#39;probru</span> <span class='ocrx_word' id='word_1_276' title='bbox 407 2906 485 2971; x_wconf 80' lang='lat' dir='ltr'>facit.</span> <span class='ocrx_word' id='word_1_277' title='bbox 526 2903 615 2971; x_wconf 81' lang='lat' dir='ltr'>Neque</span> <span class='ocrx_word' id='word_1_278' title='bbox 638 2921 696 2956; x_wconf 84' lang='lat' dir='ltr'>uera</span> <span class='ocrx_word' id='word_1_279' title='bbox 714 2904 801 2971; x_wconf 82' lang='lat' dir='ltr'>pudor</span> <span class='ocrx_word' id='word_1_280' title='bbox 824 2907 922 2966; x_wconf 82' lang='lat' dir='ltr'>obstet,</span> <span class='ocrx_word' id='word_1_281' title='bbox 946 2923 996 2974; x_wconf 79' lang='lat' dir='ltr'>quo</span> <span class='ocrx_word' id='word_1_282' title='bbox 1020 2905 1106 2958; x_wconf 84' lang='lat' dir='ltr'>minut</span> <span class='ocrx_word' id='word_1_283' title='bbox 1126 2908 1276 2979; x_wconf 68' lang='lat' dir='ltr'>incaeptam,</span> <span class='ocrx_word' id='word_1_284' title='bbox 1300 2932 1304 2937; x_wconf 96' lang='lat'>·</span> 
     </span>
    </p>

    <p class='ocr_par' dir='ltr' id='par_1_11' title="bbox 182 2976 1309 3143">
     <span class='ocr_line' id='line_1_31' title="bbox 182 2976 1309 3075; baseline 0.004 -31"><span class='ocrx_word' id='word_1_285' title='bbox 182 3037 186 3044; x_wconf 94' lang='lat'>.</span> <span class='ocrx_word' id='word_1_286' title='bbox 297 3006 376 3057; x_wconf 71' lang='lat' dir='ltr'>quum</span> <span class='ocrx_word' id='word_1_287' title='bbox 392 2991 481 3043; x_wconf 82' lang='lat' dir='ltr'>metior</span> <span class='ocrx_word' id='word_1_288' title='bbox 494 2986 641 3049; x_wconf 82' lang='lat' dir='ltr'>uideretur,</span> <span class='ocrx_word' id='word_1_289' title='bbox 661 2987 750 3049; x_wconf 76' lang='lat' dir='ltr'>litem,</span> <span class='ocrx_word' id='word_1_290' title='bbox 766 2990 873 3056; x_wconf 74' lang='lat' dir='ltr'>cognitu</span> <span class='ocrx_word' id='word_1_291' title='bbox 891 2991 960 3041; x_wconf 80' lang='lat' dir='ltr'>inter</span> <span class='ocrx_word' id='word_1_292' title='bbox 973 2990 1174 3059; x_wconf 79' lang='lat' dir='ltr'>disceptandum</span> <span class='ocrx_word' id='word_1_293' title='bbox 1186 2995 1278 3065; x_wconf 77' lang='lat' dir='ltr'>iniqui·</span> <span class='ocrx_word' id='word_1_294' title='bbox 1300 2976 1309 3075; x_wconf 67' lang='lat' dir='ltr'>i</span> 
     </span>
     <span class='ocr_line' id='line_1_32' title="bbox 300 3069 1308 3143; baseline 0.004 -18"><span class='ocrx_word' id='word_1_295' title='bbox 300 3078 373 3138; x_wconf 78' lang='lat' dir='ltr'>tute,</span> <span class='ocrx_word' id='word_1_296' title='bbox 388 3072 511 3128; x_wconf 80' lang='lat' dir='ltr'>dimittat.</span> <span class='ocrx_word' id='word_1_297' title='bbox 546 3069 632 3123; x_wconf 86' lang='lat' dir='ltr'>Nemo</span> <span class='ocrx_word' id='word_1_298' title='bbox 651 3071 811 3138; x_wconf 74' lang='lat' dir='ltr'>prudentior</span> <span class='ocrx_word' id='word_1_299' title='bbox 827 3071 968 3143; x_wconf 85' lang='lat' dir='ltr'>scripserit</span> <span class='ocrx_word' id='word_1_300' title='bbox 983 3091 1027 3126; x_wconf 85' lang='lat' dir='ltr'>nee</span> <span class='ocrx_word' id='word_1_301' title='bbox 1043 3094 1112 3134; x_wconf 83' lang='lat' dir='ltr'>uero.</span> <span class='ocrx_word' id='word_1_302' title='bbox 1305 3082 1308 3087; x_wconf 88' lang='lat'>&#39;</span> 
     </span>
    </p>
   </div>
   <div class='ocr_carea' id='block_1_6' title="bbox 230 3221 1286 3586">
    <p class='ocr_par' dir='ltr' id='par_1_12' title="bbox 230 3221 1283 3481">
     <span class='ocr_line' id='line_1_33' title="bbox 314 3221 1280 3312; baseline 0.007 -27"><span class='ocrx_word' id='word_1_303' title='bbox 314 3224 367 3286; x_wconf 78' lang='lat'>24.</span> <span class='ocrx_word' id='word_1_304' title='bbox 391 3222 438 3286; x_wconf 87' lang='lat' dir='ltr'>Ad</span> <span class='ocrx_word' id='word_1_305' title='bbox 457 3223 617 3288; x_wconf 86' lang='lat' dir='ltr'>orationis</span> <span class='ocrx_word' id='word_1_306' title='bbox 635 3221 938 3290; x_wconf 86' lang='lat' dir='ltr'>conformationem</span> <span class='ocrx_word' id='word_1_307' title='bbox 962 3225 1052 3312; x_wconf 93' lang='lat' dir='ltr'>quod</span> <span class='ocrx_word' id='word_1_308' title='bbox 1070 3228 1198 3305; x_wconf 84' lang='lat' dir='ltr'>attinet,</span> <span class='ocrx_word' id='word_1_309' title='bbox 1222 3229 1280 3292; x_wconf 85' lang='lat' dir='ltr'>ob·</span> 
     </span>
     <span class='ocr_line' id='line_1_34' title="bbox 230 3306 1283 3406; baseline 0.004 -34"><span class='ocrx_word' id='word_1_310' title='bbox 230 3308 424 3406; x_wconf 78' lang='lat' dir='ltr'>terrendum</span> <span class='ocrx_word' id='word_1_311' title='bbox 449 3319 515 3389; x_wconf 86' lang='lat' dir='ltr'>est,</span> <span class='ocrx_word' id='word_1_312' title='bbox 547 3306 644 3372; x_wconf 82' lang='lat' dir='ltr'>verba</span> <span class='ocrx_word' id='word_1_313' title='bbox 676 3330 781 3395; x_wconf 78' lang='lat' dir='ltr'>neque</span> <span class='ocrx_word' id='word_1_314' title='bbox 810 3333 885 3376; x_wconf 74' lang='lat' dir='ltr'>vero</span> <span class='ocrx_word' id='word_1_315' title='bbox 923 3312 959 3375; x_wconf 90' lang='lat' dir='ltr'>in</span> <span class='ocrx_word' id='word_1_316' title='bbox 989 3316 1283 3401; x_wconf 84' lang='lat' dir='ltr'>anteoccupatione</span> 
     </span>
     <span class='ocr_line' id='line_1_35' title="bbox 230 3413 391 3481; baseline 0 -24"><span class='ocrx_word' id='word_1_317' title='bbox 230 3413 391 3481; x_wconf 73' lang='lat' dir='ltr'>uerri-pau.</span> 
     </span>
    </p>

    <p class='ocr_par' dir='ltr' id='par_1_13' title="bbox 334 3510 1286 3586">
     <span class='ocr_line' id='line_1_36' title="bbox 334 3510 1286 3586; baseline 0.007 -22"><span class='ocrx_word' id='word_1_318' title='bbox 334 3510 392 3564; x_wconf 74' lang='lat' dir='ltr'>cie.</span> <span class='ocrx_word' id='word_1_319' title='bbox 406 3510 440 3562; x_wconf 83' lang='lat' dir='ltr'>de</span> <span class='ocrx_word' id='word_1_320' title='bbox 456 3511 532 3563; x_wconf 74' lang='lat' dir='ltr'>Orat.</span> <span class='ocrx_word' id='word_1_321' title='bbox 548 3512 573 3577; x_wconf 89' lang='lat'>1,</span> <span class='ocrx_word' id='word_1_322' title='bbox 588 3511 633 3575; x_wconf 79' lang='lat'>51,</span> <span class='ocrx_word' id='word_1_323' title='bbox 649 3511 709 3565; x_wconf 84' lang='lat'>219.</span> <span class='ocrx_word' id='word_1_324' title='bbox 725 3529 805 3582; x_wconf 76' lang='lat' dir='ltr'>aeque</span> <span class='ocrx_word' id='word_1_325' title='bbox 818 3531 877 3567; x_wconf 85' lang='lat' dir='ltr'>cero</span> <span class='ocrx_word' id='word_1_326' title='bbox 892 3516 947 3568; x_wconf 77' lang='lat' dir='ltr'>iitis</span> <span class='ocrx_word' id='word_1_327' title='bbox 971 3518 1114 3586; x_wconf 81' lang='lat' dir='ltr'>tragoediis</span> <span class='ocrx_word' id='word_1_328' title='bbox 1135 3519 1208 3583; x_wconf 77' lang='lat' dir='ltr'>tuis,</span> <span class='ocrx_word' id='word_1_329' title='bbox 1225 3520 1286 3586; x_wconf 76' lang='lat' dir='ltr'>qui·</span> 
     </span>
    </p>
   </div>
   <div class='ocr_carea' id='block_1_7' title="bbox 296 3595 1287 3753">
    <p class='ocr_par' dir='ltr' id='par_1_14' title="bbox 296 3595 1287 3753">
     <span class='ocr_line' id='line_1_37' title="bbox 296 3595 1287 3669; baseline 0.01 -23"><span class='ocrx_word' id='word_1_330' title='bbox 296 3595 342 3647; x_wconf 78' lang='lat' dir='ltr'>bus</span> <span class='ocrx_word' id='word_1_331' title='bbox 355 3597 396 3648; x_wconf 85' lang='lat' dir='ltr'>uti</span> <span class='ocrx_word' id='word_1_332' title='bbox 406 3596 553 3665; x_wconf 70' lang='lat' dir='ltr'>philesophi</span> <span class='ocrx_word' id='word_1_333' title='bbox 573 3598 683 3650; x_wconf 76' lang='lat' dir='ltr'>maxime</span> <span class='ocrx_word' id='word_1_334' title='bbox 695 3599 792 3662; x_wconf 83' lang='lat' dir='ltr'>solent,</span> <span class='ocrx_word' id='word_1_335' title='bbox 814 3601 919 3662; x_wconf 76' lang='lat' dir='ltr'>Graece,</span> <span class='ocrx_word' id='word_1_336' title='bbox 941 3603 1088 3668; x_wconf 83' lang='lat' dir='ltr'>perturbor.</span> <span class='ocrx_word' id='word_1_337' title='bbox 1120 3602 1146 3668; x_wconf 92' lang='lat'>1,</span> <span class='ocrx_word' id='word_1_338' title='bbox 1162 3600 1209 3669; x_wconf 73' lang='grc'>58,</span> <span class='ocrx_word' id='word_1_339' title='bbox 1221 3602 1287 3663; x_wconf 76' lang='lat'>22⁹.</span> 
     </span>
     <span class='ocr_line' id='line_1_38' title="bbox 298 3680 1057 3753; baseline 0.007 -22"><span class='ocrx_word' id='word_1_340' title='bbox 298 3695 378 3748; x_wconf 79' lang='lat' dir='ltr'>neque</span> <span class='ocrx_word' id='word_1_341' title='bbox 393 3692 451 3733; x_wconf 80' lang='lat' dir='ltr'>uero</span> <span class='ocrx_word' id='word_1_342' title='bbox 468 3680 516 3733; x_wconf 82' lang='lat' dir='ltr'>trec</span> <span class='ocrx_word' id='word_1_343' title='bbox 527 3681 610 3733; x_wconf 80' lang='lat' dir='ltr'>retum</span> <span class='ocrx_word' id='word_1_344' title='bbox 624 3682 709 3747; x_wconf 74' lang='lat' dir='ltr'>dixit,</span> <span class='ocrx_word' id='word_1_345' title='bbox 726 3685 771 3736; x_wconf 83' lang='lat' dir='ltr'>sed</span> <span class='ocrx_word' id='word_1_346' title='bbox 788 3683 842 3753; x_wconf 81' lang='lat' dir='ltr'>ipre</span> <span class='ocrx_word' id='word_1_347' title='bbox 857 3686 933 3738; x_wconf 80' lang='lat' dir='ltr'>sensit</span> <span class='ocrx_word' id='word_1_348' title='bbox 948 3687 1057 3751; x_wconf 84' lang='lat' dir='ltr'>etsecit.</span> 
     </span>
    </p>
   </div>
   <div class='ocr_carea' id='block_1_8' title="bbox 230 3846 1298 4037">
    <p class='ocr_par' dir='ltr' id='par_1_15' title="bbox 230 3846 1298 4037">
     <span class='ocr_line' id='line_1_39' title="bbox 324 3846 1296 3939; baseline 0.011 -28"><span class='ocrx_word' id='word_1_349' title='bbox 324 3849 378 3911; x_wconf 83' lang='lat'>25.</span> <span class='ocrx_word' id='word_1_350' title='bbox 407 3846 582 3936; x_wconf 81' lang='lat' dir='ltr'>Deaeque</span> <span class='ocrx_word' id='word_1_351' title='bbox 607 3861 723 3914; x_wconf 71' lang='lat' dir='ltr'>aretem</span> <span class='ocrx_word' id='word_1_352' title='bbox 746 3849 814 3914; x_wconf 85' lang='lat' dir='ltr'>dixi</span> <span class='ocrx_word' id='word_1_353' title='bbox 836 3849 936 3917; x_wconf 89' lang='lat' dir='ltr'>Tom.</span> <span class='ocrx_word' id='word_1_354' title='bbox 956 3858 982 3916; x_wconf 85' lang='lat'>1.</span> <span class='ocrx_word' id='word_1_355' title='bbox 1004 3875 1037 3939; x_wconf 91' lang='lat' dir='ltr'>p.</span> <span class='ocrx_word' id='word_1_356' title='bbox 1058 3853 1133 3919; x_wconf 82' lang='lat'>585.</span> <span class='ocrx_word' id='word_1_357' title='bbox 1156 3854 1198 3920; x_wconf 90' lang='lat' dir='ltr'>de</span> <span class='ocrx_word' id='word_1_358' title='bbox 1220 3880 1296 3921; x_wconf 66' lang='lat' dir='ltr'>nee</span> 
     </span>
     <span class='ocr_line' id='line_1_40' title="bbox 230 3933 1298 4037; baseline 0.007 -43"><span class='ocrx_word' id='word_1_359' title='bbox 230 3953 291 4030; x_wconf 79' lang='lat' dir='ltr'>pue</span> <span class='ocrx_word' id='word_1_360' title='bbox 316 3933 422 3997; x_wconf 82' lang='lat' dir='ltr'>etium</span> <span class='ocrx_word' id='word_1_361' title='bbox 444 3933 475 3996; x_wconf 82' lang='grc' dir='ltr'><strong>Τ</strong></span> <span class='ocrx_word' id='word_1_362' title='bbox 477 3957 543 3999; x_wconf 85' lang='lat' dir='ltr'>om.</span> <span class='ocrx_word' id='word_1_363' title='bbox 561 3941 591 4000; x_wconf 82' lang='lat'>2.</span> <span class='ocrx_word' id='word_1_364' title='bbox 615 3957 649 4021; x_wconf 89' lang='lat' dir='ltr'>p.</span> <span class='ocrx_word' id='word_1_365' title='bbox 666 3938 741 4000; x_wconf 79' lang='lat'>552.</span> <span class='ocrx_word' id='word_1_366' title='bbox 768 3936 861 4016; x_wconf 86' lang='lat' dir='ltr'>Quae</span> <span class='ocrx_word' id='word_1_367' title='bbox 883 3938 909 4001; x_wconf 92' lang='lat' dir='ltr'>si</span> <span class='ocrx_word' id='word_1_368' title='bbox 939 3939 1065 4037; x_wconf 71' lang='lat' dir='ltr'>Grysar</span> <span class='ocrx_word' id='word_1_369' title='bbox 1086 3949 1298 4027; x_wconf 84' lang='lat' dir='ltr'>reputasset,</span> 
     </span>
    </p>
   </div>
   <div class='ocr_carea' id='block_1_9' title="bbox 206 4015 1299 4168">
    <p class='ocr_par' dir='ltr' id='par_1_16' title="bbox 206 4015 1299 4168">
     <span class='ocr_line' id='line_1_41' title="bbox 206 4015 1299 4166; baseline 0.012 -87"><span class='ocrx_word' id='word_1_370' title='bbox 206 4015 376 4166; x_wconf 54' lang='lat' dir='ltr'>“ini-lim</span> <span class='ocrx_word' id='word_1_371' title='bbox 403 4020 489 4085; x_wconf 79' lang='lat' dir='ltr'>Artis</span> <span class='ocrx_word' id='word_1_372' title='bbox 520 4019 577 4085; x_wconf 81' lang='lat' dir='ltr'>lat.</span> <span class='ocrx_word' id='word_1_373' title='bbox 604 4020 703 4086; x_wconf 85' lang='lat' dir='ltr'>scrib.</span> <span class='ocrx_word' id='word_1_374' title='bbox 733 4044 766 4110; x_wconf 93' lang='lat' dir='ltr'>p.</span> <span class='ocrx_word' id='word_1_375' title='bbox 791 4023 866 4088; x_wconf 84' lang='grc'><strong>556.</strong></span> <span class='ocrx_word' id='word_1_376' title='bbox 903 4023 1111 4090; x_wconf 74' lang='lat' dir='ltr'>abstinuisset</span> <span class='ocrx_word' id='word_1_377' title='bbox 1142 4025 1299 4092; x_wconf 77' lang='lat' dir='ltr'>cresu-</span> 
     </span>
     <span class='ocr_line' id='line_1_42' title="bbox 242 4123 361 4168; baseline 0.017 -2"><span class='ocrx_word' id='word_1_378' title='bbox 242 4123 361 4168; x_wconf 79' lang='lat' dir='ltr'>atone.</span> 
     </span>
    </p>
   </div>
   <div class='ocr_carea' id='block_1_10' title="bbox 0 0 1348 4906">
    <p class='ocr_par' dir='ltr' id='par_1_17' title="bbox 0 0 1348 4906">
     <span class='ocr_line' id='line_1_43' title="bbox 0 0 1348 4906; baseline 0 0"><span class='ocrx_word' id='word_1_379' title='bbox 0 0 1348 4906; x_wconf 95' lang='lat' dir='ltr'> </span> 
     </span>
    </p>
   </div>
  </div>
 </body>
</html>
