2662 4906
569 314 918 399 marmorata

503 526 1028 647 ananrnnovnnt.

317 717 361 801 'ln
384 711 588 780 excludenda
610 708 718 796 aliqua
744 711 966 860 aequoniam
990 709 1086 775 duse
1110 731 1167 776 res
1192 710 1282 778 conis·

237 814 360 875 mntnr
382 811 416 865 et
438 805 691 884 comparantur.
724 815 801 859 soce
825 806 850 861 rt
871 797 911 861 ad
935 795 1149 862 vocabulum
1166 812 1283 882 praeter

239 887 465 977 comparativa
490 882 648 970 partiente
669 901 783 968 queam,
817 893 850 946 et
873 883 995 947 dicitnr
1018 892 1176 968 praeter
1197 905 1285 970 quan,

239 976 290 1042 vei
307 969 505 1057 interposito
521 968 631 1053 aliquo
647 965 823 1032 vocabulo.
869 968 934 1032 Sed
962 990 1079 1031 unum
1106 966 1233 1032 factum
1251 982 1285 1034 et

238 1057 437 1125 motatum
455 1054 597 1118 orationi
616 1054 659 1117 its
672 1051 1010 1129 accommodandum,
1039 1063 1082 1116 ut
1098 1074 1286 1143 quamsaepe

238 1141 425 1212 mdundare
448 1139 632 1204 videretur.
669 1134 874 1224 significatio
888 1159 959 1203 non
978 1138 1102 1202 differt
1119 1163 1138 1202 a
1158 1153 1286 1225 praeta.
1308 1130 1320 1443 q

240 1228 298 1296 sed
312 1246 400 1293 usus.
430 1225 514 1290 Nam
527 1235 772 1311 praeterquam
785 1225 921 1309 antiquo
937 1236 1110 1311 tempore
1127 1245 1196 1288 oon
1210 1246 1286 1289 usus-

238 1314 389 1405 psbetur,
410 1311 473 1376 nisi
489 1311 524 1374 in
547 1331 623 1374 eum
640 1308 789 1379 modum.
812 1318 849 1371 ut
872 1332 978 1397 qnam
1001 1310 1150 1397 pienum
1175 1308 1286 1375 heberet

239 1397 524 1489 significationem,
542 1406 594 1459 aut
613 1404 649 1457 ut
667 1405 857 1480 sequeretur
871 1396 1070 1467 relativum,
1097 1395 1193 1481 qnod
1213 1417 1288 1461 suan

238 1482 392 1551 naturane
414 1503 482 1546 non
508 1480 698 1557 amittebat,
735 1480 790 1544 nbi
812 1481 1067 1545 coniunctionis
1090 1481 1198 1545 instar
1227 1495 1287 1546 ent.

239 1568 461 1656 italoquutua
487 1577 537 1630 est
566 1564 761 1642 Terentius,
790 1585 979 1652 numquam
1010 1567 1170 1632 Plautus.
1218 1567 1288 1632 Tun

242 1676 318 1723 vero
344 1664 588 1740 praeterquam
613 1652 692 1738 poni
715 1649 843 1714 solebat
863 1653 897 1714 iu
921 1651 1108 1716 sententiis
1127 1655 1288 1737 negativis:

237 1739 329 1805 ailad
343 1749 600 1825 praeterquam,
624 1758 722 1801 nemo
738 1747 998 1824 praeterquam.
1034 1738 1196 1823 Denique
1210 1740 1290 1803 etiam

240 1847 311 1889 non
337 1825 547 1888 antecedente
571 1823 747 1909 negatione
769 1820 941 1889 dicebatur
965 1846 1049 1889 rem
1073 1823 1220 1911 aliquam
1236 1847 1290 1889 esse

238 1919 374 2003 praeter
396 1909 506 1973 atium.

323 2026 514 2094 Praeterea
560 2045 629 2103 arra,
648 2022 737 2109 quod
756 2022 922 2090 Bentleius
940 2022 1184 2112 equibusdarn
1209 2025 1290 2091 libris

240 2113 279 2183 in
295 2110 434 2181 Terent.
453 2115 504 2178 An
530 2133 557 2175 r.
578 2112 609 2189 4,
632 2110 663 2187 4,
688 2112 739 2174 14.
762 2112 888 2175 restitui
906 2112 1017 2189 iussit,
1051 2110 1180 2176 nullum
1200 2110 1292 2177 habet

241 2196 453 2287 exemplum,
491 2217 553 2261 neo
582 2196 759 2262 commode
787 2217 862 2261 oum
891 2218 932 2262 eo
961 2197 1161 2285 comparari
1188 2209 1292 2287 potest

235 2296 473 2379 posteaquam.

327 2409 358 2469 1.
387 2401 536 2468 Primum
555 2398 657 2486 igitar
671 2411 934 2550 praeterquam
953 2400 1084 2465 dieitur
1105 2400 1140 2466 in
1163 2423 1289 2490 eompa-

239 2488 369 2557 ratione
391 2487 449 2563 rei,
475 2506 573 2571 quum
598 2484 720 2570 aliquid
751 2508 828 2551 exce
851 2486 887 2551 it.
938 2486 1150 2574 Adiungitur
1169 2500 1288 2554 senten-

241 2577 303 2656 tia,
334 2593 417 2659 quse
455 2591 523 2633 uno
564 2569 765 2635 substantivo
810 2592 965 2658 expressa
1007 2576 1286 2662 praepositionem

235 2670 379 2747 praeter
400 2669 590 2722 assumeret.
1325 2684 1327 2691 ·

1317 2394 1325 2427 t

341 2776 456 2831 Terent.
483 2777 586 2828 Heaut.
615 2775 641 2838 l,
666 2775 691 2838 l,
715 2773 741 2826 8.
766 2777 834 2843 quod
857 2778 923 2829 niti
947 2779 1038 2831 videre
1063 2787 1175 2848 praeter
1194 2789 1285 2833 ortana
1325 2806 1327 2833 ι

303 2870 379 2916 wem
397 2866 488 2929 facere
509 2867 534 2912 et
563 2867 669 2928 praeter
692 2877 770 2926 quarn
799 2877 838 2912 res
866 2868 891 2914 te
912 2863 1076 2916 adhortatur
1110 2874 1169 2917 tae.
1211 2866 1284 2917 Plani
1325 2896 1328 2911 .

307 2946 394 2999 llere.
413 2946 439 3010 l,
457 2947 482 3007 l,
500 2944 543 2995 92
562 2961 626 3012 qrraa
645 2960 737 2994 munes
754 2962 879 3008 maana,
906 2955 933 2998 nt
957 2949 1042 3012 volui,
1068 2952 1181 3001 vendidi
1197 2969 1226 3002 ex
1240 2968 1285 3001 sea·
1325 2928 1328 3007 i

305 3033 395 3094 teretia,
416 3031 515 3080 ineram
532 3029 622 3094 ingena
634 3030 720 3092 sacto,
734 3036 838 3096 praeter
855 3048 935 3109 quarn
954 3033 1024 3084 arilei
1044 3050 1119 3085 aneae
1146 3042 1225 3102 pater
1247 3036 1282 3085 de

304 3118 344 3170 att
363 3117 513 3167 aestimatae
530 3127 629 3162 merea.

321 3255 353 3313 2.
381 3247 470 3311 Tum
489 3255 731 3340 praeterquam
753 3268 827 3312 cum
850 3248 985 3313 relativo
1022 3253 1241 3338 coniungitur
1260 3265 1283 3318 et

236 3332 398 3421 signifieat
413 3342 555 3417 praeter
577 3328 616 3392 ed
635 3330 733 3415 qnod.

337 3453 450 3506 Terent.
471 3450 554 3501 Andr.
579 3447 647 3515 4,4,
665 3449 706 3502 14.
723 3453 829 3503 vniam
852 3452 876 3502 ei
898 3454 963 3504 nitar·
983 3472 1086 3520 onaan,
1114 3467 1281 3527 praeterquam

303 3539 370 3604 qnod
389 3544 414 3588 te
432 3553 506 3604 rogo,
519 3535 604 3602 saris,
624 3554 690 3588 cave.
726 3536 795 3588 Eun.
813 3537 838 3599 l,
855 3537 879 3602 1,
897 3536 938 3589 32.
955 3538 1067 3593 cornei.
1084 3542 1146 3596 Ata.
1164 3544 1280 3610 21,st
1326 3560 1329 3629 Ι

302 3623 349 3674 itae
366 3639 442 3688 qnuna
459 3628 511 3671 trer
529 3637 624 3671 menaea
643 3622 697 3671 eine
720 3622 779 3672 aliie
806 3622 934 3673 doloribut
959 3635 1158 3693 praeterquam
1185 3649 1240 3697 quos
1256 3649 1279 3681 er

301 3708 430 3758 motione
454 3706 579 3772 capiebat,
597 3705 791 3772 contempsisset
809 3709 861 3757 eto.
876 3706 977 3760 Auctor
995 3709 1031 3761 B.
1049 3711 1166 3780 hispan.
1188 3714 1226 3768 24

316 3828 348 3886 8.
372 3823 622 3909 Praeterquam
644 3820 744 3908 quad,
773 3824 806 3886 in
836 3823 954 3909 quibus
979 3828 1073 3912 quod
1096 3833 1280 3896 coniunctio
1325 3780 1329 3953 ἰ

230 3906 391 3996 eignifioat
412 3909 449 3972 in
472 3910 536 3972 wie
551 3905 645 3994 fera,
672 3905 762 3995 dass,
793 3920 848 3970 aut
876 3912 1098 3995 praecedente
1132 3919 1280 3982 vocabula

230 3994 382 4080 negativo
409 4004 594 4080 usurpatur,
619 4004 653 4055 ut
676 3992 744 4056 sere
762 3993 849 4057 idem
864 3997 906 4058 sit
921 3998 1112 4080 quodnisi,
1138 4017 1194 4067 ant
1208 4027 1280 4067 con-

232 4081 329 4144 traria
351 4080 479 4144 rationo
502 4078 689 4163 significans
710 4078 755 4159 id,
782 4080 822 4143 ad
846 4081 935 4164 quod
968 4084 1058 4148 aliud
1090 4091 1179 4174 quid
1199 4114 1280 4156 ncce-

229 4161 295 4228 dite
325 4187 427 4251 quare
459 4186 557 4252 saepe
586 4165 619 4229 in
643 4165 743 4229 altera
766 4168 944 4231 sententiae
966 4180 1064 4256 parte
1084 4174 1280 4242 adiiciuntur
