2662 4906
143 291 208 355 w
640 281 736 351 rust.

208 461 280 522 mt,
296 462 324 509 et
347 456 441 509 elnae
458 456 532 519 ient,
554 458 651 509 tenen.
683 455 744 509 cic.
761 449 836 508 Pntt
857 451 888 515 1,
911 451 963 517 n,
980 450 1026 506 dl.
1039 470 1057 505 o
1072 452 1191 508 nieuw

153 538 158 549 '
210 548 246 605 te,
264 541 288 593 el
303 540 447 610 intelligire
463 538 630 603 Morem,
647 539 671 591 ai
684 557 736 591 noar
751 537 877 608 intelligit
887 539 936 591 lloa
951 539 1050 593 litterie
1063 538 1191 595 nudari.

152 666 157 681 .
210 626 247 681 ed
263 624 342 679 Fen.
358 620 477 691 §.lm
494 624 541 677 aed
552 624 591 676 lta
604 650 640 663 -
655 624 784 692 effecerit
797 622 835 687 id,
848 624 1053 691 puedaaleeda'e,
1066 638 1189 692 uagum

210 712 308 767 hluto
323 710 462 781 gruttam
478 707 503 761 ei
516 724 569 761 m
577 709 690 775 senecta,
705 709 851 778 ignom.

244 826 337 881 Plent-
354 826 400 879 Aa.
421 824 449 891 1,
472 822 499 889 8,
525 822 569 876 ott.
596 824 621 876 ri
642 826 732 893 effere,
757 830 814 876 lare
831 812 985 891 pcdeeitr'el
1001 836 1057 873 eon
1072 824 1114 873 erl
1127 820 1188 888 pred

209 914 264 980 dee,
283 912 358 965 aete
376 906 546 979 non'potcnt.
581 905 864 971 uictoriam,
887 904 931 959 15.
946 912 971 959 el
989 912 1077 958 ma
1100 920 1120 957 a
1133 904 1187 973 plt-

210 996 325 1067 laeaplio,
341 996 366 1048 ct
381 996 480 1063 afferat
493 993 672 1061 eloquentiane,
688 1010 739 1045 oce
755 1008 895 1063 ceperam
910 990 935 1044 ai
951 1006 1005 1044 een
1021 988 1127 1051 hta,
1140 1004 1185 1041 m
1218 972 1220 991 ¹

211 1082 353 1135 adnodant
370 1079 505 1151 μείω.

226 1184 259 1248 5.
286 1182 336 1247 De
352 1180 450 1261 loco,
472 1200 571 1269 quem
588 1176 623 1243 in
640 1174 692 1241 hia
707 1180 876 1246 sententiis
890 1200 960 1243 non
976 1174 1105 1241 obtinet
1128 1174 1186 1239 nii·

141 1290 203 1335 ror
228 1268 319 1357 viros
344 1266 459 1331 doctos
483 1276 553 1331 tam
578 1262 690 1329 inanes
714 1266 843 1365 regulas
865 1262 1011 1335 linxisse.
1037 1222 1119 1351 qudl
1137 1258 1184 1326 hic
1218 1266 1220 1345 j

141 1362 291 1455 repetere
313 1354 415 1441 piget.
462 1350 605 1439 Negatio.
625 1350 723 1414 etiam
747 1373 782 1415 an
807 1346 1067 1437 hiapracligitur
1084 1346 1184 1411 eino·
1218 1364 1220 1373 ·

140 1437 244 1517 mini,
267 1439 358 1525 quod
382 1446 433 1501 eat
451 1436 660 1524 negandum,
683 1458 791 1523 nequo
806 1436 841 1501 in
862 1436 911 1515 iis,
932 1456 1017 1522 quae
1033 1434 1182 1521 ¹opposita
1218 1502 1220 1513 ,

141 1524 267 1627 hpbent
293 1522 325 1587 ei
351 1556 396 1572 —
439 1522 472 1586 ei
494 1545 582 1595 nore,
623 1520 878 1609 haudquaquam
918 1522 991 1607 ipaa
1022 1518 1181 1607 oppositio
1217 1520 1220 1591 l

143 1621 193 1677 cat
218 1630 350 1687 caussa,
385 1616 591 1695 quapropter
617 1607 650 1671 ei
671 1608 827 1705 proxime
849 1607 981 1693 attingit
1011 1628 1100 1684 non,
1132 1602 1182 1668 aed

145 1694 256 1761 maior
276 1695 324 1759 vis
345 1712 448 1779 quum
471 1693 507 1757 in
540 1694 701 1779 oppositis
726 1692 832 1759 verbis
855 1692 950 1770 insit,
982 1688 1183 1769 vocabulum,

142 1780 234 1869 quod
250 1778 434 1867 opponitur
449 1778 724 1857 antecedentibus,
750 1779 897 1866 primum
919 1776 1032 1843 locuni
1054 1776 1183 1855 obtinet,

142 1878 240 1955 atque
257 1864 474 1951 praeponitur
492 1863 634 1951 negatio.
678 1864 790 1944 Quare
811 1862 894 1928 nihil
914 1862 1075 1929 differunt
1092 1860 1180 1927 lnce:

142 1952 175 2039 eJi
187 1952 278 2017 enim
293 1948 529 2015 Faberianum
553 1948 747 2019 venderem.
779 1950 950 2035 explicere
975 1948 1029 2013 vel
1048 1970 1183 2035 reprae-

141 2036 333 2103 sentatione
347 2058 416 2099 noe
432 2032 624 2099 dvehiturem
639 2034 682 2099 de
697 2034 829 2099 Silonis
841 2060 901 2097 -.·
918 2036 951 2099 ei
972 2032 1107 2099 venales
1121 2054 1183 2099 non

31 2142 36 2151 “
141 2121 300 2203 liaberet,
321 2121 507 2187 treneirem
522 2120 570 2184 ad
582 2118 746 2187 Druerrm.
774 2122 843 2185 Cic.
860 2122 899 2184 ad
915 2122 983 2187 nn.
1002 2124 1120 2201 1281.
1137 2128 1180 2183 et:

142 2208 177 2275 o·
188 2231 256 2274 non
276 2204 433 2281 redleeee,
442 2256 446 2265 .
456 2206 524 2270 liae
544 2204 621 2269 irae
636 2202 764 2295 licetne
788 2218 897 2271 eaaent
911 2206 1020 2271 mullo
1041 2204 1182 2293 amplio-

142 2316 207 2362 ree.
249 2292 384 2357 Terent.
403 2292 482 2355 lice.
497 2296 529 2370 3,
551 2296 579 2369 l,
601 2294 634 2355 9.

225 2410 267 2477 ll.
296 2410 366 2473 lam
383 2408 422 2473 ad
440 2408 577 2474 alteram
591 2408 738 2474 sormam
758 2408 988 2476 conditionalis
1011 2410 1183 2477 sententiaa

142 2517 206 2584 per
220 2495 290 2561 niel
309 2516 497 2581 exprcsaanr
520 2495 740 2583 pervenimus.
775 2498 882 2593 Atque
898 2496 1049 2582 primum
1062 2496 1184 2563 licceat

141 2581 323 2647 tenendum
350 2580 419 2643 nisi
440 2602 508 2645 esee
532 2602 576 2648 ne
600 2582 650 2657 ei,
682 2590 714 2645 et
739 2579 775 2643 in
798 2580 850 2643 his
877 2582 1088 2666 negationem
1106 2604 1183 2663 earn,

143 2688 228 2767 quae
247 2670 281 2733 in
295 2665 453 2752 negandis
468 2665 659 2729 notionibus
673 2686 789 2751 graeco
805 2664 846 2747 μή
868 2667 1052 2753 respondet
1073 2678 1107 2735 et
1129 2690 1184 2731 an·

141 2764 237 2838 liquo
260 2772 332 2823 usu,
369 2752 414 2815 uti
438 2776 471 2838 p.
495 2756 547 2817 29.
578 2752 767 2837 expositum
791 2762 855 2819 est.
882 2775 945 2839 pro
965 2752 1183 2819 nondieitur:

145 2838 235 2905 unde
259 2838 358 2903 ctiam
381 2836 467 2901 facta
491 2847 567 2900 aunt
593 2837 749 2901 vocabula
776 2838 1078 2917 nr'liil,rz1.‘mc'rum.
1124 2840 1186 2905 Ne-

146 2924 256 3011 gando
282 2924 383 3010 igitur
406 2946 469 3007 per
496 2923 566 2986 aiei
589 2932 775 2987 removetur
797 2924 849 3001 id,
877 2924 967 3010 quod
990 2925 1185 2993 conditionia

141 3010 279 3074 nornine
303 3008 438 3073 accedit.
480 3008 626 3095 Negatur
641 3012 792 3073 universa
810 3012 967 3075 sententia
983 3012 1187 3077 conditiona-

142 3096 183 3167 lia
205 3106 373 3159 contracta
397 3095 558 3158 oratione.
600 3092 685 3158 Nani
714 3093 770 3158 ubi
794 3095 869 3159 dico
887 3107 1001 3159 actum
1017 3096 1062 3161 cle
1080 3109 1115 3165 te
1130 3112 1186 3174 eat,

142 3180 212 3245 niai
231 3178 409 3266 provideo,
448 3178 564 3265 plenus
595 3180 829 3245 sernentiarum
858 3182 1000 3247 ambitur
1037 3180 1093 3246 hic
1126 3197 1184 3249 eet:

142 3265 313 3330 actumde
336 3276 367 3327 to
390 3276 456 3329 eat:
479 3276 637 3343 nonest,
674 3268 701 3330 si
722 3268 797 3347 (ne,
833 3266 877 3351 εἰ)
902 3268 1071 3355 provides.
1101 3270 1186 3347 Con-

142 3350 447 3415 trahunturautem
469 3348 549 3414 haec
572 3350 635 3427 ita,
667 3362 703 3414 ut
726 3352 826 3417 altera
855 3375 930 3439 pars
961 3354 1185 3423 conditionalia

142 3458 182 3501 ex
197 3436 297 3501 altera
313 3435 492 3522 procedere
516 3436 609 3521 cique
633 3458 673 3501 cx
691 3437 825 3501 adverso
842 3441 966 3525 apponi
985 3440 1144 3521 rideatur,
1159 3452 1187 3507 et

142 3520 331 3586 coniunctio
347 3522 416 3585 nini
431 3520 471 3585 ad
488 3520 696 3587 indicandam
716 3520 799 3586 banc
812 3525 1067 3591 vicissitudinem
1086 3529 1186 3593 intor-

141 3606 245 3673 eedat.
290 3608 392 3672 Sicuti
408 3631 497 3707 crgo,
520 3606 576 3671 ubi
599 3608 632 3673 ei
647 3632 716 3673 nore
734 3607 863 3685 dicitur,
885 3612 1041 3699 primaria
1057 3624 1188 3677 senten·

139 3694 187 3757 tia
206 3716 224 3757 e
241 3692 455 3758 conditionali
471 3692 609 3777 pendet,
636 3695 681 3759 ita
702 3706 817 3761 contra
837 3698 872 3762 in
892 3698 964 3762 nisi
982 3700 1186 3767 conditiona-

140 3778 182 3844 lis
204 3779 348 3843 nectitur
368 3802 386 3841 e
408 3779 565 3867 primaria
587 3781 758 3843 scatentia.
813 3783 862 3846 Ad
885 3806 957 3847 enm
981 3786 1071 3849 enirn
1096 3808 1187 3851 acce·

143 3862 202 3941 dit',
232 3886 294 3929 nec
314 3865 461 3950 protasia
485 3865 654 3931 constituit
677 3866 850 3947 directam,
880 3869 936 3932 aed
967 3872 1091 3935 exalia
1116 3894 1187 3937 een-

143 3951 246 4015 tentia
275 3961 453 4033 sumptam,
487 3974 546 4014 nec
574 3952 800 4017 necessitatem
822 3976 901 4036 prae
926 3976 962 4019 sc
982 3954 1062 4029 sert,
1087 3959 1186 4043 qualis

141 4041 228 4100 ineat
247 4036 284 4100 in
303 4035 450 4101 abeoluta
471 4036 696 4101 conclusione.
750 4038 788 4102 ld
818 4040 900 4106 benc
919 4043 1017 4106 etiam
1040 4042 1186 4109 Loeach-

142 4120 218 4189 kiue
236 4124 411 4215 perapexlt
429 4134 464 4191 et
482 4121 639 4209 exemplo
664 4122 839 4193 illaetaavit
854 4126 1036 4197 verborum
1051 4114 1185 4197 cicero-
