2662 4906
484 294 582 365 NEC.
623 295 789 380 NEQVE.
1122 306 1165 369 99

124 463 218 528 arius
233 484 339 552 neque
353 464 398 530 ita
413 474 606 554 ponuntur,
624 475 663 532 ut
676 467 808 554 negatio
821 488 840 532 a
859 464 1055 554 copulativa,
1078 490 1165 556 quae

124 551 237 627 iubeat,
259 549 418 636 particula
435 552 632 637 cogitatione
646 552 770 637 seiungi
785 560 818 618 et
834 552 875 616 ad
889 573 1015 617 nomen
1029 554 1165 643 aliquod

124 634 277 723 iugulare
292 634 408 701 referri
427 636 561 710 debeat,
581 658 651 701 non
667 637 708 702 ad
723 638 878 703 verbumr
902 637 943 702 de
958 658 1023 725 qna
1039 662 1075 704 re
1090 640 1163 706 dis-

124 732 287 785 eruerunt
312 724 462 790 Gronov.
487 733 518 787 et
539 722 791 788 Drakenborch.
821 724 861 788 ad
885 723 956 788 Liv.
979 729 1032 803 82,
1055 731 1107 809 10,
1129 731 1162 794 6.
1213 740 1221 756 '

124 806 161 869 jta
180 806 218 870 tit
234 809 268 872 iu
286 806 410 889 ser-bia,
432 808 552 895 quibua
568 809 679 872 innata
696 830 736 872 ne
760 808 826 872 atio
842 807 1043 891 detrahitur,
1063 824 1163 899 atque

124 914 211 980 nepe
228 894 345 958 dicitur
358 916 420 959 nee
435 893 523 959 allae
539 915 603 980 pro
621 904 653 959 et
668 832 801 972 nulia,
822 915 885 959 neo
898 895 1074 984 quiequam
1098 921 1160 986 pro

124 987 146 1039 et
170 1000 280 1042 nemo.
332 979 405 1060 Qua
429 980 576 1045 notionis
598 979 805 1065 soporatione
834 982 978 1066 augescit
1009 985 1163 1131 pravitas.

124 1063 180 1126 ied
206 1067 302 1127 etiam
329 1065 390 1130 ntia
419 1066 556 1129 nomina
582 1065 732 1130 reiiciuut
756 1067 965 1150 negationem
989 1088 1015 1130 ar
1041 1069 1052 1133 i
1076 1091 1163 1156 pro-

124 1149 232 1224 ›riam‚
248 1149 373 1215 etiamsi
390 1171 426 1214 ea
443 1151 632 1215 universam
651 1151 847 1215 sententiam
864 1173 933 1216 non
950 1155 1046 1238 regit.
1089 1154 1162 1219 Ta-

124 1256 190 1296 nen
208 1233 260 1297 hic
281 1254 356 1299 usus
371 1247 548 1323 poetarum
565 1235 655 1323 apud
671 1239 842 1323 prosaicos
865 1236 1044 1322 scriptores
1066 1250 1162 1307 vetu-

124 1323 227 1384 tiorcs
243 1340 345 1404 pauca
362 1319 462 1387 habet
479 1321 643 1409 exempla.
685 1321 781 1386 Nunc
797 1321 978 1407 quaeritur,
999 1344 1066 1409 quo
1082 1347 1162 1391 mo·

124 1405 156 1466 lo
184 1403 264 1468 haec
294 1427 371 1470 cum
397 1408 461 1473 itlis
485 1417 580 1471 antea
610 1406 703 1471 dictis
728 1406 929 1492 conspirent.
971 1405 1011 1472 Ιιι
1033 1420 1068 1474 et
1091 1433 1162 1476 non

123 1500 251 1575 utraque
270 1492 426 1574 particula
441 1513 589 1556 scorsum
606 1492 730 1556 obtinet
743 1492 873 1580 plenam
890 1491 956 1556 rim
967 1513 1079 1559 suam:
1100 1494 1161 1562 ubi

124 1597 174 1637 rec
198 1595 263 1659 pro
289 1585 321 1638 ct
343 1597 410 1641 non
430 1575 569 1656 dicitur,
591 1586 742 1642 attractae
765 1588 798 1641 et
822 1577 1032 1644 coalescentis
1058 1601 1161 1668 nega·

126 1660 214 1722 ionis
234 1668 380 1744 potestas
403 1680 471 1725 nou
495 1662 672 1732 minuitur,
691 1661 748 1726 sed
769 1684 914 1742 nomeu,
935 1665 987 1728 cui
1010 1663 1160 1733 addenda

127 1755 160 1805 st
189 1746 340 1840 negatio,
373 1743 473 1811 simul
506 1744 681 1812 attrahitur
716 1757 749 1811 et
776 1750 988 1832 grammatico
1026 1751 1160 1817 viuculo

124 1839 264 1893 tecittttr.

210 1965 307 2020 lustin.
324 1964 368 2031 11,
386 1963 413 2031 9,
431 1965 457 2020 5.
478 1963 639 2021 Macedonar
661 1976 749 2023 actem
772 1984 843 2022 ιιιιιιο
865 1970 985 2043 Bompae
1007 1973 1089 2028 victae
1109 1976 1160 2029 aa·

180 2061 281 2116 ιιιοιιοι,
299 2068 369 2103 nanc
383 2051 463 2103 Asiae
484 2054 630 2120 expetitae.-
647 2072 695 2108 aea
716 2055 834 2108 iacenter
853 2053 907 2107 cta
926 2060 983 2109 trto
1001 2059 1061 2112 orte
1082 2076 1162 2130 parer

176 2140 244 2192 airer
257 2137 398 2207 gtcrtctur.
430 2133 477 2187 ubi
491 2136 657 2190 Beneckiar.
982 2141 986 2148 '
1156 2134 1159 2139 ’

222 2237 302 2292 Orici.
317 2237 385 2290 lter.
408 2236 452 2302 13,
471 2237 515 2290 33.
535 2246 560 2291 et
582 2238 638 2291 atat
658 2244 684 2291 et
703 2236 789 2309 perii,
813 2254 859 2291 nec
879 2240 948 2292 natis
968 2240 1076 2310 ignibus
1097 2245 1160 2296 arri.

177 2321 238 2376 Art.
253 2340 306 2376 arn.
321 2321 347 2385 3,
368 2319 410 2374 i't.
432 2319 562 2391 unguitur
581 2324 683 2376 mitur
701 2324 776 2375 terrai
798 2340 856 2375 οιιιιι
877 2324 944 2392 pelte
965 2331 1093 2391 statuatur,
1114 2344 1161 2381 aee

167 2409 278 2475 jaciant
306 2425 390 2460 cernar
420 2423 515 2459 samaa
544 2408 615 2461 iaetu
640 2424 719 2460 reuer.
753 2406 771 2459 i.
794 2424 819 2460 e.
851 2404 957 2460 iaciunt
972 2462 975 2467 ,
990 2424 1045 2460 noa
1072 2426 1161 2466 ιοιιοο.

178 2493 325 2545 cotumctt.
341 2491 374 2544 de
388 2493 430 2544 tte
447 2508 471 2542 r.
487 2489 512 2555 2,
528 2487 570 2556 ta,
585 2486 629 2542 34.
645 2508 733 2543 ercam
751 2499 838 2545 caten
863 2488 975 2544 laetatur
995 2491 1050 2544 laea
1070 2510 1160 2549 macra

171 2594 220 2629 aec
244 2577 358 2629 tumido.
392 2575 505 2643 t,a,1.
527 2574 707 2629 itt-desiderat
729 2576 845 2629 arborem
866 2571 1001 2639 tramitem,
1018 2592 1063 2630 arc
1078 2580 1183 2645 stoa·-

172 2663 274 2714 darom.

221 2760 284 2812 biv.
308 2757 376 2825 Mt,
395 2758 422 2813 1.
448 2759 590 2831 ιἰιιοοιοιιο
608 2777 680 2814 carta
704 2777 783 2830 paam
805 2760 834 2811 c.
852 2754 981 2827 Satpr‘eiar
1000 2765 1025 2812 et
1045 2759 1161 2817 Liciniae

176 2845 274 2898 Galeas
292 2847 410 2897 coarcter
432 2845 460 2898 ιἰι
478 2847 605 2900 Hemicor
626 2847 765 2899 exercitam
784 2844 1027 2910 daranah-neque
1047 2843 1160 2898 iaceatis

171 2931 202 2981 ira
216 2947 285 2999 agro
302 2931 433 2994 bortihm,
454 2931 619 2984 &eminam
637 2933 726 2983 artem
743 2947 831 2981 earam
853 2929 879 2979 ci
900 2927 1033 2997 cepirrertt.
1051 2924 1071 2979 i.
1085 2944 1109 2982 ο,
1130 2938 1159 2985 et

171 3030 228 3066 non
245 3013 364 3067 inventis
387 3013 520 3068 hortibus.
551 3013 612 3068 Nisi
627 3013 803 3082 participium
821 3017 893 3064 erret
911 3026 959 3079 pro
974 3012 1059 3063 verbo
1080 3020 1158 3077 recto

171 3097 311 3166 paritura,
340 3098 435 3152 Livias
459 3116 513 3150 non
534 3097 691 3165 scripsisset
713 3117 802 3168 nepae.
835 3094 947 3149 Erravit
969 3101 1061 3149 antem
1082 3096 1159 3150 Bar-

171 3199 306 3245 mannnr,
324 3200 406 3250 qaum
427 3182 509 3236 tinias
533 3183 643 3251 generis
668 3184 757 3235 tarum
775 3180 867 3234 Gratii
892 3181 996 3250 Gyneg.
1018 3179 1079 3234 331.
1098 3199 1158 3236 erre

172 3266 357 3319 existimabat.
391 3266 501 3320 Petrae·
516 3268 578 3333 122,
593 3268 653 3321 131.
672 3284 718 3320 aee
731 3281 804 3336 naga
815 3267 912 3336 purrirn
920 3267 1036 3333 flamine
1046 3284 1093 3337 per
1105 3285 1158 3321 rto-

172 3360 216 3404 tur
232 3354 308 3404 itant
323 3352 460 3404 morientia
477 3354 559 3420 ripae.
580 3351 736 3404 Gronovius
750 3352 821 3404 tene
836 3349 976 3418 perspexit
989 3365 1068 3402 nram
1077 3350 1157 3405 verbi

168 3436 255 3501 mori,
279 3435 324 3487 rett
342 3433 481 3489 coniunxit
501 3443 527 3488 et
548 3453 598 3488 aaa
615 3438 764 3489 madentia.
797 3434 940 3489 Sententia
960 3451 1028 3489 vero
1049 3441 1108 3489 ertr
1128 3441 1158 3490 et

170 3518 286 3572 flumina
305 3537 358 3572 noc
375 3519 451 3572 ibant
471 3535 520 3586 per
533 3527 613 3571 notar
627 3519 702 3586 ripae
720 3518 874 3574 morientia.
892 3518 912 3573 i.
926 3538 951 3574 ο.
968 3527 999 3574 nt
1011 3537 1157 3575 moreren-
1217 3580 1219 3584 ,

171 3611 232 3670 tur,
251 3612 282 3658 ut
296 3602 330 3656 aa
348 3599 450 3656 exitum
465 3609 654 3673 properarent·
936 3610 938 3615 ’

218 3705 280 3758 hir.
296 3703 341 3771 38,
354 3703 397 3769 25,
414 3704 439 3759 3.
453 3724 508 3787 ¹aee
523 3705 577 3758 atta
592 3704 725 3758 Gattaraas
741 3702 778 3757 iti
792 3701 862 3770 aira,
878 3720 1009 3776 regrerrar
1026 3706 1055 3760 ir
1068 3715 1157 3763 cartre

170 3798 242 3842 erret.
277 3789 320 3853 32,
337 3786 380 3853 tt,
398 3789 425 3841 6.
450 3809 497 3843 nec
516 3791 664 3861 Phiiippam
680 3791 714 3842 ct
730 3789 870 3844 allicietta
884 3793 1046 3856 tarantum,
1071 3795 1157 3863 ipram

170 3875 284 3941 priorem
299 3875 352 3926 cim
368 3876 485 3927 amaitar
495 3876 597 3944 feriere.
632 3872 722 3931 Tacit.
739 3874 806 3944 Agr.
824 3873 867 3926 lt.
885 3891 930 3927 aee
946 3877 1028 3929 attan
1047 3878 1074 3928 r'a
1094 3878 1157 3930 tar-

172 3959 245 4007 taris
261 3959 382 4011 raecitr'ae
396 3977 480 4028 genas
496 3963 581 4013 οιιιίιίι
596 3962 638 4012 tra
650 3969 675 4013 et
694 3959 810 4013 victoria.
836 3959 871 4013 Vt
886 3956 1032 4013 direrimen
1046 3960 1156 4024 centias,

175 4043 371 4095 conterverba
388 4044 480 4110 pantio
496 4043 662 4112 partitate:
683 4044 822 4096 Tretettiar
841 4046 940 4114 reputor
961 4053 984 4100 et
1005 4045 1087 4096 nattis
1111 4059 1157 4095 ea·

175 4132 290 4182 rtramm
303 4128 492 4199 experimentis,
509 4130 628 4184 cantem
640 4130 754 4200 padam
770 4131 881 4185 errandi
893 4129 1055 4204 prwtaetarr
1068 4127 1157 4184 teratt.

766 4215 787 4277 7
810 4217 828 4254 ιι
