2662 4906
475 334 479 345 ι
555 249 628 317 ns.
1072 255 1113 317 ss

58 415 214 483 indicant.
272 415 311 482 ld
339 417 422 483 bens
448 418 516 484 iam
552 415 771 484 Gernhsrdns
799 419 1045 500 observaverat,
1081 432 1116 488 et

59 523 163 588 quum
182 502 225 567 ad
242 502 311 568 Cic.
327 502 415 568 Lael.
435 526 471 591 p.
487 508 540 570 99.
557 500 771 582 diffisis
784 529 827 572 ne
844 504 943 593 poni,
964 502 1021 569 ubi
1040 528 1115 571 rer-

58 588 137 651 bnm
163 589 358 676 praecedat,
378 588 470 677 quod
497 589 586 655 effici
611 590 734 678 aliquid
752 592 865 671 iubet,
889 589 1000 654 addit:
1023 593 1113 680 „qni

57 671 199 738 effeetus
224 675 252 739 si
276 674 311 739 iu
338 674 470 740 vitanda
500 696 537 741 re
564 676 729 753 cernitur,
757 686 794 741 ut
816 677 1043 764 interponitur
1069 678 1113 743 ad

57 759 240 843 qnamdam
269 760 524 825 constructionis
552 761 725 826 lenitatem
755 762 856 827 verbo
890 759 1027 850 efficere
1060 761 1113 828 vel
1186 822 1189 827 r

55 866 200 928 operum
215 845 301 910 dore
316 845 580 928 concedendam,
602 846 623 911 a'
645 850 739 911 cuius
762 848 903 913 notione
924 870 967 913 aa
991 845 1113 934 prohi-

56 928 198 995 bitivum
226 930 405 996 abhorrere
423 933 613 998 videatur.“
655 930 780 1021 laquo
802 933 885 1000 illud
908 944 956 998 est
973 934 1111 1016 mirum,

56 1015 193 1080 Latinos
210 1014 344 1081 eosdem
358 1018 526 1082 interdum
542 1028 613 1082 tam
628 1015 803 1106 diligenter
818 1019 940 1084 cavisse
954 1018 1112 1107 proprie-

57 1110 160 1166 tatem
176 1102 373 1183 verbornm,
397 1104 473 1190 qui,
496 1114 536 1167 ut
551 1111 700 1180 constat,
721 1115 789 1169 tam
809 1127 906 1193 saepe
922 1127 965 1169 ne
987 1125 1051 1192 pro
1072 1115 1112 1169 at

57 1209 125 1251 aon
140 1189 337 1275 posuissent.
381 1189 606 1279 dattmannus
622 1188 662 1252 nd
677 1189 817 1270 Quintil.
832 1196 884 1268 12,
902 1194 933 1265 6,
949 1195 980 1254 2.
996 1189 1108 1276 tripli-

57 1293 128 1337 cem
144 1276 299 1361 exposuit
314 1295 464 1339 caussam
481 1270 742 1363 ifafssprimum
761 1297 865 1362 quum
881 1277 908 1339 is
925 1275 982 1360 qui
997 1275 1110 1362 loqui-

58 1367 112 1421 tur
126 1359 171 1422 ita
186 1380 299 1423 sensus
317 1358 493 1447 disponere
511 1359 601 1442 vult,
623 1373 660 1425 ut
682 1383 725 1424 ne
749 1363 816 1426 atio
840 1360 1041 1449 praefigatur
1061 1361 1111 1426 rei

22 1481 25 1487 ·
57 1443 67 1507 i
91 1444 121 1508 si
140 1455 274 1531 negatae
289 1446 612 1533 seripsponendae,
636 1468 703 1535 quo
726 1385 816 1511 laeto
840 1456 990 1512 remanet
1015 1456 1053 1510 nt
1074 1447 1110 1511 in

55 1466 170 1593 [lente
184 1526 441 1617 propositionist
468 1532 603 1611 deinde,
625 1553 730 1615 quum
752 1553 866 1597 sensus
890 1530 1110 1618 prohibitivus

56 1625 91 1678 et
107 1614 321 1695 contionalis,
344 1617 400 1700 qui
420 1626 469 1680 est
491 1617 526 1681 in
541 1618 682 1704 simplici
707 1642 765 1693 ne,
787 1620 892 1683 minui
911 1616 1026 1681 debete
1050 1617 1110 1681 de-

55 1701 178 1785 nique,
201 1719 308 1785 quum
325 1700 497 1764 consilinm
514 1701 594 1767 illud
613 1705 798 1789 negativam
813 1705 881 1769 sive
899 1702 1006 1767 cnudo
1025 1723 1111 1788 pen·

58 1784 113 1849 det
133 1784 272 1848 everbo
290 1783 340 1864 vel
358 1807 512 1850 sermone
528 1808 640 1851 sensus
656 1786 860 1866 affirmativi,
883 1787 940 1851 sed
955 1786 1109 1853 nondum

58 1869 211 1935 absoluti.
222 1874 243 1906 “
289 1869 419 1950 Quibus
437 1871 611 1956 quomodo
628 1895 663 1936 re
687 1873 738 1937 ula
755 1873 909 1958 loquendi
925 1875 1108 1938 constitua-

58 1965 130 2036 tur,
151 1952 303 2040 equidem
327 1976 396 2017 non
414 1955 521 2021 video.
565 1957 629 2022 Sed
652 1896 828 2044 demptius
851 1955 883 2037 §.
905 1961 979 2021 847.
1003 1957 1110 2038 docet,

58 2051 95 2106 ut
114 2063 157 2104 ne
177 2037 259 2103 nibil
277 2036 416 2104 differre
436 2064 454 2104 a
477 2063 521 2105 ne
539 2040 699 2130 simplici,
721 2042 786 2107 nisi
808 2042 899 2129 quod
922 2042 1049 2106 dicatur
1073 2044 1109 2110 in

25 2130 30 2173 '-
58 2128 210 2191 oratione
226 2124 388 2210 graviori,
409 2127 602 2211 praesertim
620 2129 654 2191 in
677 2126 822 2214 legibus:
846 2126 937 2214 quod
955 2127 1111 2191 innume-

57 2212 102 2276 ris
117 2211 198 2275 locis
214 2232 281 2274 nou
296 2212 468 2276 convenite
492 2221 602 2276 tamen
618 2214 690 2277 iure
705 2210 828 2277 refellit
842 2232 960 2276 eorum
975 2222 1110 2278 senten·

29 2344 33 2353 .
56 2297 159 2378 dem,
184 2296 237 2382 qui
254 2317 403 2361 caussam
418 2297 452 2361 in
468 2318 507 2360 eo
524 2297 663 2362 consilio
685 2297 926 2383 quaesiverant,
950 2308 987 2361 ut
1000 2321 1043 2363 ne
1068 2297 1109 2363 ab

22 2448 25 2453 ,
56 2383 154 2447 initio
180 2383 414 2446 enuntiationis
443 2393 612 2447 remotum
645 2383 742 2447 alicui
770 2383 902 2447 nomini
931 2383 1110 2470 posteriori

58 2467 161 2556 aptari
179 2478 309 2566 posset:
331 2490 408 2532 nam
424 2469 614 2556 saepissime
627 2478 666 2532 nt
684 2491 726 2533 ae
742 2467 961 2532 collocantur.
998 2468 1110 2555 Oclas-

57 2574 155 2641 nerus
178 2575 214 2617 rn
240 2552 353 2642 Eclog.
374 2554 443 2617 Cic.
469 2576 504 2641 p.
528 2557 600 2621 145.
625 2554 846 2651 antiquiorem
870 2553 972 2618 luisse
993 2548 1108 2619 censet

57 2638 173 2716 issum,
195 2639 228 2702 in
247 2660 315 2726 quo
333 2648 370 2702 nt
392 2640 582 2704 universum
599 2639 785 2719 consilium,
808 2663 852 2704 ne
865 2638 1106 2704 distinctiorem

56 2722 329 2813 significationem
357 2726 588 2812 expressisset:
624 2724 712 2811 quod
745 2745 809 2811 qua
832 2724 959 2789 ratione
981 2724 1106 2789 factum

58 2813 115 2885 sit,
145 2831 216 2874 non
242 2811 387 2898 expedit.
448 2811 565 2897 Neque
596 2811 683 2875 iusto
707 2820 903 2896 argumento
925 2808 1106 2874 Billrothus

59 2895 93 2960 in
110 2896 259 2960 Gramm.
280 2919 313 2983 p.
329 2900 402 2961 874.
424 2906 457 2962 et
476 2898 657 2986 Herzogius
673 2894 714 2961 ad
731 2898 823 2961 Caes.
839 2893 919 2960 Bell.
935 2896 994 2958 civ.
1005 2900 1036 2972 8,
1052 2898 1107 2960 56.

59 2992 220 3068 negarunt
240 3005 283 3046 ne
305 2982 380 3047 addi
398 2982 452 3046 uni
470 2981 566 3046 alicui
581 2982 728 3047 nomini:
750 2981 784 3047 id
800 2982 887 3046 enirn
904 2977 973 3045 fieri
998 2992 1109 3067 perat

57 3090 145 3146 non,
168 3066 225 3130 sed
252 3068 286 3130 in
310 3079 348 3132 nr
372 3071 604 3154 sepertinere
627 3091 671 3133 ne
696 3066 736 3131 ad
762 3077 866 3131 totam
898 3068 1108 3131 sententiam.

58 3152 265 3241 Wagnerus,
288 3154 344 3237 qui
367 3153 567 3300 singularem
591 3153 739 3218 libellum
763 3153 803 3217 de
826 3151 893 3215 hoc
916 3172 976 3215 usu
993 3152 1108 3216 Nord-

57 3236 158 3302 husae
199 3240 356 3302 s.·1827.
396 3238 497 3303 cidit
535 3240 726 3324 (repetitum
756 3237 791 3302 in
830 3237 985 3302 Seebodii
1019 3237 1107 3302 Nov.

31 3323 269 3410 ¹Promptuar.
294 3345 323 3386 a.
356 3327 449 3388 1828.
472 3326 502 3390 4.
532 3348 565 3412 p.
580 3329 662 3405 74.),
689 3322 788 3387 rediit
815 3321 854 3385 ad
883 3322 1108 3406 antiquiorum

58 3409 350 3495 grammaticorum
376 3409 588 3495 opinionem,
618 3412 652 3475 in
677 3419 714 3473 ut
735 3432 779 3473 ne
807 3427 1001 3496 expressum
1028 3430 1107 3486 esse,

35 3493 149 3580 'quod
166 3494 201 3557 in
222 3517 264 3558 ne
280 3493 424 3576 simplici
448 3495 608 3559 omissum
625 3504 726 3571 esset,
747 3505 845 3592 atque
868 3493 1108 3558 demonstravit
1133 3514 1136 3521 ·

58 3590 93 3643 at
107 3603 171 3656 ae,
193 3579 281 3665 quod
306 3580 428 3665 ubique
454 3578 627 3644 dicendum
649 3591 750 3656 esset,
772 3577 907 3644 differre
928 3600 947 3642 a
968 3601 1011 3643 ne
1033 3590 1106 3644 tum

57 3664 234 3731 verborum
261 3666 513 3743 consecutione,
552 3675 623 3728 tum
654 3663 899 3751 significationis
932 3666 1105 3749 gravitate:

22 3794 25 3799 -
58 3771 132 3815 nam
159 3751 376 3815 collocatione
402 3750 580 3837 particulae
606 3750 763 3814 indicasse
783 3754 982 3835 scriptores,
1006 3773 1106 3837 quam

21 3802 27 3899 l
59 3836 216 3901 orationis
255 3847 358 3900 artem
376 3837 521 3903 maxime
539 3834 743 3920 prohibitam
764 3836 962 3915 voluissent,
984 3847 1016 3899 et
1030 3860 1107 3924 gra-

58 3924 187 3987 vitatem
205 3859 280 3987 addi
299 3923 333 3987 in
350 3921 449 3988 rebus
464 3921 673 4010 opponendis
692 3920 741 3986 vel
764 3932 895 4007 praeter
912 3923 1107 4008 opinionem

22 4002 32 4069 l
58 4008 284 4096 exspectandis
300 4008 349 4073 vel
365 4007 573 4096 appetendis:
599 4008 655 4072 ubi
670 4029 747 4072 vero
765 4028 940 4106 suppressa
956 4018 1039 4071 esset
1056 4005 1108 4070 al-

58 4105 122 4161 tera
148 4095 340 4161 coniunctio
357 4106 413 4176 at,
437 4093 574 4160 alteram
592 4095 722 4161 minore
745 4114 822 4158 cum
846 4115 879 4160 vs
899 4103 1046 4179 spectare
1065 4092 1105 4155 ad

23 4148 33 4309 l.

28 4662 43 4874 i
148 4504 151 4510 ,
