2662 4906
1055 320 1096 385 st

45 475 129 556 ὅπως
145 478 192 544 οὔ.
237 478 405 563 Aristoph.
431 479 491 564 Eq.
515 484 592 546 472.
621 484 672 546 sai
696 479 790 544 ταῦτά
812 477 840 562 μ’
866 480 928 545 odr’
955 481 1099 568 ἀργύριον

45 564 245 648 οὕτεχρυσίον
259 562 361 641 didesia
371 561 679 642 ἀναπείσεις-ὅπως
692 565 747 652 tyat
768 562 848 630 ταῦτ’
862 564 1105 655 οὕπἈθηναίοιςι

44 646 172 734 φράσω.
216 649 250 713 in
281 661 418 735 utraque
443 652 540 737 igitur
562 653 670 739 lingua
694 653 914 738 negationem·
932 657 1051 722 attrahi
1079 662 1108 722 a*

43 737 278 801 eriniunotioue
295 736 403 822 negari
422 739 553 821 nequit,
575 749 685 802 tamen
708 761 744 801 ea
767 740 799 802 in
822 739 1011 804 Latinorum
1037 764 1106 807 risu·

43 827 193 906 pertinet
208 820 249 887 ad
266 821 422 902 verbum,
444 844 549 909 neque
567 826 658 889 exuit
671 824 815 888 adverbii
834 835 995 891 naturam.
1079 850 1082 855 ’

155 940 238 996 aaut.
256 941 324 1010 bap.
338 940 364 1004 l,
380 939 407 992 9.
424 943 547 1010 quaeritis
563 944 682 996 maximis
696 944 838 1012 ramalibus
848 946 980 1010 sueieudis
993 964 1098 1015 qrrouo-

116 1027 150 1078 do
164 1044 198 1081 ae
210 1027 463 1095 tributamseratir.
498 1026 528 1080 ln
543 1029 595 1081 hur.
611 1046 702 1080 rerum
719 1028 890 1097 opinositione
905 1030 1027 1083 sotianda
1037 1036 1106 1084 erat

115 1110 243 1180 neguitias
262 1127 324 1163 uem
345 1110 708 1181 natantianatantia,
731 1112 882 1181 quomodo,
908 1113 1015 1167 etiamsi
1041 1110 1097 1167 tuin

117 1195 211 1262 armani
233 1194 287 1248 siut
309 1193 427 1248 feriendi
449 1204 590 1264 sumpno,
608 1205 700 1250 tamen
723 1198 801 1249 nulia
815 1197 964 1250 conterritis
984 1196 1098 1259 tributu.

113 1281 193 1347 Quod
216 1298 299 1349 quam
319 1281 447 1335 sensisset
466 1283 638 1350 Stephanus,
658 1281 832 1335 scribendum
850 1282 956 1337 consuit
972 1282 1108 1354 praedo

112 1366 213 1418 tributa
231 1383 264 1418 ae
279 1367 436 1431 metatis,
454 1377 564 1434 praeter
578 1367 778 1423 nemetensem.
968 1372 971 1377 '

68 1571 75 1584 .
130 1491 163 1552 6.
195 1486 387 1585 'sransitns,
418 1508 484 1576 quo
507 1486 698 1555 adverbium
722 1512 765 1555 ne
792 1490 825 1561 in
852 1486 1126 1587 coniurationis,

42 1592 152 1637 vicem
171 1581 285 1648 cessit,
307 1594 339 1635 rn
356 1593 396 1636 eo
411 1593 472 1637 usu
487 1586 645 1662 apparet,
668 1596 736 1661 quo
758 1595 833 1643 cum
850 1574 895 1665 im
921 1578 990 1639 erat
1084 1583 1099 1637 t

43 1656 263 1721 coniunctiro
286 1655 373 1720 verbi
397 1660 620 1725 consociatum
650 1654 897 1747 significa‘t‘iiro
923 1683 933 1724 r
958 1681 1025 1735 err.
1053 1679 1098 1721 ns

43 1738 365 1828 queamus
382 1741 611 1829 imperativus.
632 1766 697 1829 quo
713 1745 885 1811 necessitas
900 1742 1016 1832 agendi
1034 1764 1097 1807 ex-

42 1826 221 1914 primitur,
244 1848 304 1912 per
319 1848 354 1889 se
375 1839 524 1893 constat:
548 1829 791 1907 coniunctivae,
815 1832 873 1931 qui
888 1829 1010 1894 indicat
1034 1827 1096 1892 ali-

44 1913 125 1998 quid
142 1910 212 1974 fieri
231 1933 346 1996 posse,
373 1911 494 1996 pendet
512 1935 553 1978 ex
573 1913 639 1978 alio
655 1914 862 1999 cogitationis
877 1915 927 1979 vel
944 1914 1098 1979 volunta-

43 2000 89 2063 tis
122 1996 232 2061 verbo.
291 1996 377 2059 Nam
411 2018 496 2082 quae
530 1999 733 2084 Hartuogius
768 1996 811 2063 de
839 1997 958 2064 Partis.
990 1994 1097 2086 graec.

42 2082 149 2147 Tem.
169 2087 202 2146 2.
224 2103 257 2168 p.
275 2085 346 2145 150.
362 2083 491 2160 attulit,
515 2096 550 2147 ut
575 2083 811 2171 comprobaret
834 2083 933 2151 etiam
953 2084 1098 2172 impera-

43 2169 152 2233 tivum
169 2188 209 2231 ex
225 2165 334 2250 atiquo
350 2165 486 2232 iubendi
508 2167 558 2233 rel
577 2168 717 2256 optandi
735 2170 838 2235 verbo
864 2169 990 2234 omisso
1013 2190 1097 2256 pen-

43 2253 145 2332 dere,
168 2252 248 2317 nihil
274 2250 492 2338 proficiebant
517 2254 733 2338 argumentis.
778 2253 842 2318 Vbi
863 2253 952 2319 enim
979 2253 1099 2318 dieitur

44 2338 169 2425 aliquid
184 2337 302 2400 debere
321 2359 390 2401 non
406 2336 496 2417 fieri,
515 2361 584 2402 non
607 2335 809 2427 significatur
829 2359 902 2417 res,
924 2359 1008 2425 quae
1027 2359 1098 2402 non

19 2448 23 2453 ·
44 2435 104 2503 est,
125 2423 182 2488 sed
201 2421 326 2487 tollitur
342 2444 395 2487 res
414 2424 619 2511 cogitatione
655 2422 763 2510 quue
777 2422 902 2488 indicat
915 2446 971 2501 ne,
995 2421 1107 2510 quod,¹

45 2510 99 2574 ubi
121 2509 269 2573 eamdem
286 2509 480 2572 sententiam
507 2511 549 2575 ita
567 2508 792 2596 designamus,
815 2518 851 2573 nt
867 2507 967 2573 simui
984 2507 1109 2573 decla-'

44 2607 152 2670 retur,
183 2593 327 2680 pendere
352 2617 423 2658 earn
451 2617 490 2658 ex
518 2594 717 2682 cogitatione
740 2593 808 2658 sive
837 2593 1025 2671 voluntate,
1058 2591 1098 2656 fit

45 2681 247 2744 couirmctio.
291 2679 375 2743 Nam
398 2680 433 2744 in
447 2704 489 2744 ue
504 2681 571 2770 sae
592 2680 784 2745 adverbium
808 2678 957 2745 adiicitur
981 2678 1095 2752 verbo,

45 2768 77 2830 in
95 2765 269 2853 majas-ias
284 2766 496 2852 intelligimus
521 2766 593 2829 aulo
610 2767 675 2832 sire
694 2777 774 2852 opto
789 2765 857 2829 sive
875 2761 982 2828 iubeo.
1025 2763 1096 2831 lum

46 2850 225 2917 Diomedes
247 2874 279 2935 p.
294 2855 369 2915 888.
389 2852 451 2916 ssd
473 2851 614 2923 interest
635 2850 726 2915 iuter
741 2851 804 2914 laec
818 2861 852 2914 et
875 2847 982 2928 illua,
1006 2847 1096 2936 qrrod

45 2938 211 3002 diximus.
233 2959 283 2999 ne
294 2933 349 3023 fa
361 2960 395 3018 c,
418 2937 513 3025 quod·
529 2938 592 3000 lroc
606 2937 833 3021 imperamus,
852 2935 1006 3022 superius
1029 2938 1097 3017 (as

39 3020 212 3112 facias)
234 3021 429 3085 suademus.
482 3021 667 3086 Modestiae
691 3031 723 3084 et
748 3019 855 3105 lenior
880 3020 930 3084 est
961 3016 1096 3084 iubendi

47 3106 185 3183 modus,
211 3107 341 3191 quando
365 3108 510 3172 refertur
535 3107 575 3171 ad
606 3104 782 3172 voltrntatis
808 3106 984 3173 tutionem.
1029 3101 1093 3167 Sed

47 3194 180 3256 Servius
205 3192 245 3255 ad
275 3193 387 3280 Virgil.
405 3196 484 3257 Aen.
509 3197 541 3265 6.
566 3194 640 3258 544.
664 3215 707 3256 ue
730 3190 842 3255 saeui.-
869 3213 911 3254 ne
934 3191 1094 3256 irascere.
1178 3252 1182 3259 ,

50 3279 185 3342 Terent.
208 3301 250 3341 ae
273 3279 367 3341 saevi
393 3290 583 3364 tantopere.
635 3277 683 3341 lu
707 3277 847 3362 antique
872 3276 1003 3343 &dum
1025 3285 1095 3338 eet.-

46 3387 129 3427 aam
150 3386 200 3427 ne
219 3365 397 3428 saevias
431 3364 595 3432 dicimus.
627 3386 687 3427 arec
709 3359 1095 3448 imperativam-iungi-

45 3473 119 3512 uras
141 3447 313 3512 adverbio.
358 3447 443 3514 Nec
465 3461 579 3512 antem
595 3459 627 3512 et
646 3472 731 3515 nau
752 3446 927 3533 negantis.
971 3445 1097 3516 Contra

46 3537 195 3600 ltonatus
211 3533 251 3597 ad
268 3533 299 3597 Τ
303 3534 418 3599 ereutii
434 3533 489 3598 iiia
507 3532 603 3597 verba
620 3533 720 3597 Andr.
734 3536 768 3610 5,
786 3536 819 3610 2,
835 3536 889 3597 27.
912 3553 962 3595 ne
984 3531 1097 3617 impa-

46 3622 157 3684 rativo
175 3620 289 3707 magis
309 3641 413 3706 quam
431 3618 641 3684 coniunctiao
658 3617 874 3767 adiraffitar.
911 3615 1008 3681 ‘I'alis
1028 3625 1096 3681 erat

46 3717 340 3789 grammaticorum
364 3726 554 3770 consensus.
603 3703 663 3784 Et,
687 3726 753 3789 qao
801 3725 852 3766 ma
877 3703 903 3767 is
926 3704 1098 3780 mirantur,

47 3793 254 3855 Burmannus
271 3791 310 3854 ad
329 3790 427 3853 Ovid.
444 3796 513 3854 Art.
528 3812 593 3852 ani.
613 3797 641 3861 1,
659 3791 733 3853 848.
758 3800 790 3852 et
814 3727 1030 3854 Rriirnkenius
1055 3787 1096 3850 ad

48 3878 183 3941 Terent.
200 3875 333 3940 Phorm.
351 3881 381 3950 t,
399 3882 429 3947 3,
451 3880 504 3940 59.
527 3876 696 3943 dixerunt,
722 3897 763 3937 ue
780 3872 898 3938 drrbita
920 3876 1022 3961 magis
1045 3873 1096 3935 la·
1183 3888 1191 3897 “

50 3966 153 4027 tinum
179 3984 248 4025 esse
281 3983 376 4047 quam
401 3983 442 4023 ne
473 3960 612 4024 <tribues
657 3959 710 4023 Ct'.
735 3963 888 4024 rtrntzen.
914 3960 953 4023 ad
979 3959 1095 4022 Caton.

48 4050 130 4112 ltist.
157 4071 190 4135 p.
209 4050 279 4111 128.
324 4047 518 4111 Prudentius
542 4048 638 4110 taur.
668 4045 757 4108 Valla
780 4044 871 4132 Elug.
896 4051 928 4123 8,
946 4049 999 4108 28.
1024 4065 1096 4119 „ue

50 4136 140 4218 aeni,
168 4128 309 4221 nesae,
328 4156 369 4197 ue
385 4132 507 4218 iugula
529 4132 618 4219 apud
641 4141 787 4198 oratores
810 4129 878 4197 iere
903 4149 1095 4213 numquam,
