<?xml version="1.0" encoding="UTF-8"?>
<!DOCTYPE html PUBLIC "-//W3C//DTD XHTML 1.0 Transitional//EN"
    "http://www.w3.org/TR/xhtml1/DTD/xhtml1-transitional.dtd">
<html xmlns="http://www.w3.org/1999/xhtml" xml:lang="en" lang="en">
 <head>
  <title>
</title>
<meta http-equiv="Content-Type" content="text/html;charset=utf-8" />
  <meta name='ocr-system' content='tesseract 3.04.00' />
  <meta name='ocr-capabilities' content='ocr_page ocr_carea ocr_par ocr_line ocrx_word'/>
</head>
<body>
  <div class='ocr_page' id='page_1' title='image "./tursellinusseud00handgoog_0022.png"; bbox 0 0 2662 4906; ppageno 0'>
   <div class='ocr_carea' id='block_1_1' title="bbox 10 1070 16 1099">
    <p class='ocr_par' dir='ltr' id='par_1_1' title="bbox 10 1070 16 1099">
     <span class='ocr_line' id='line_1_1' title="bbox 10 1070 16 1099; baseline 0 0"><span class='ocrx_word' id='word_1_1' title='bbox 10 1070 16 1099; x_wconf 85' lang='lat' dir='ltr'>l</span> 
     </span>
    </p>
   </div>
   <div class='ocr_carea' id='block_1_2' title="bbox 10 1428 18 1503">
    <p class='ocr_par' dir='ltr' id='par_1_2' title="bbox 10 1428 18 1503">
     <span class='ocr_line' id='line_1_2' title="bbox 10 1428 18 1503; baseline 0 0"><span class='ocrx_word' id='word_1_2' title='bbox 10 1428 18 1503; x_wconf 80' lang='lat' dir='ltr'>l</span> 
     </span>
    </p>
   </div>
   <div class='ocr_carea' id='block_1_3' title="bbox 12 1596 16 1611">
    <p class='ocr_par' dir='ltr' id='par_1_3' title="bbox 12 1596 16 1611">
     <span class='ocr_line' id='line_1_3' title="bbox 12 1596 16 1611; baseline 0 0"><span class='ocrx_word' id='word_1_3' title='bbox 12 1596 16 1611; x_wconf 86' lang='lat' dir='ltr'>l</span> 
     </span>
    </p>
   </div>
   <div class='ocr_carea' id='block_1_4' title="bbox 518 268 1099 355">
    <p class='ocr_par' dir='ltr' id='par_1_4' title="bbox 518 268 1099 355">
     <span class='ocr_line' id='line_1_4' title="bbox 518 268 1099 355; baseline 0.012 -7"><span class='ocrx_word' id='word_1_4' title='bbox 518 281 623 349; x_wconf 82' lang='lat' dir='ltr'>nant.</span> <span class='ocrx_word' id='word_1_5' title='bbox 883 268 888 275; x_wconf 83' lang='lat'>&#39;</span> <span class='ocrx_word' id='word_1_6' title='bbox 1060 296 1099 355; x_wconf 83' lang='lat' dir='ltr'>rs</span> 
     </span>
    </p>
   </div>
   <div class='ocr_carea' id='block_1_5' title="bbox 56 448 1236 552">
    <p class='ocr_par' dir='ltr' id='par_1_5' title="bbox 56 448 1236 552">
     <span class='ocr_line' id='line_1_5' title="bbox 56 448 1236 552; baseline 0.003 -34"><span class='ocrx_word' id='word_1_7' title='bbox 56 455 154 518; x_wconf 90' lang='lat' dir='ltr'>tentia</span> <span class='ocrx_word' id='word_1_8' title='bbox 185 452 330 539; x_wconf 84' lang='lat' dir='ltr'>legitime</span> <span class='ocrx_word' id='word_1_9' title='bbox 354 454 458 538; x_wconf 86' lang='lat' dir='ltr'>possit</span> <span class='ocrx_word' id='word_1_10' title='bbox 491 454 618 531; x_wconf 84' lang='lat' dir='ltr'>omitti,</span> <span class='ocrx_word' id='word_1_11' title='bbox 646 471 707 515; x_wconf 91' lang='lat' dir='ltr'>nec</span> <span class='ocrx_word' id='word_1_12' title='bbox 738 451 913 552; x_wconf 71' lang='lat' dir='ltr'>respiciunt</span> <span class='ocrx_word' id='word_1_13' title='bbox 947 464 1098 522; x_wconf 87' lang='lat' dir='ltr'>naturam</span> <span class='ocrx_word' id='word_1_14' title='bbox 1199 448 1236 463; x_wconf 71' lang='grc'>”</span> 
     </span>
    </p>
   </div>
   <div class='ocr_carea' id='block_1_6' title="bbox 53 534 1123 3615">
    <p class='ocr_par' dir='ltr' id='par_1_6' title="bbox 53 534 1123 3615">
     <span class='ocr_line' id='line_1_6' title="bbox 96 534 1095 621; baseline 0.003 -18"><span class='ocrx_word' id='word_1_15' title='bbox 96 539 251 611; x_wconf 88' lang='lat' dir='ltr'>rticulae,</span> <span class='ocrx_word' id='word_1_16' title='bbox 298 560 356 603; x_wconf 85' lang='lat' dir='ltr'>uae</span> <span class='ocrx_word' id='word_1_17' title='bbox 373 540 471 603; x_wconf 87' lang='lat' dir='ltr'>stiam</span> <span class='ocrx_word' id='word_1_18' title='bbox 485 534 673 621; x_wconf 82' lang='lat' dir='ltr'>affirmandi</span> <span class='ocrx_word' id='word_1_19' title='bbox 690 537 756 601; x_wconf 85' lang='lat' dir='ltr'>vim</span> <span class='ocrx_word' id='word_1_20' title='bbox 772 561 805 605; x_wconf 82' lang='lat' dir='ltr'>in</span> <span class='ocrx_word' id='word_1_21' title='bbox 821 559 857 601; x_wconf 89' lang='lat' dir='ltr'>se</span> <span class='ocrx_word' id='word_1_22' title='bbox 875 535 983 604; x_wconf 81' lang='lat' dir='ltr'>babet.</span> <span class='ocrx_word' id='word_1_23' title='bbox 1027 540 1095 606; x_wconf 89' lang='lat' dir='ltr'>lam</span> 
     </span>
     <span class='ocr_line' id='line_1_7' title="bbox 55 562 1100 712; baseline 0.001 -23"><span class='ocrx_word' id='word_1_24' title='bbox 55 562 268 712; x_wconf 71' lang='lat' dir='ltr'>llcyiiiris&#39;&#39;ad&#39;</span> <span class='ocrx_word' id='word_1_25' title='bbox 306 624 390 709; x_wconf 83' lang='lat' dir='ltr'>irgil.</span> <span class='ocrx_word' id='word_1_26' title='bbox 407 624 527 711; x_wconf 75' lang='lat' dir='ltr'>Georg&#39;.</span> <span class='ocrx_word' id='word_1_27' title='bbox 542 622 580 701; x_wconf 72' lang='grc'>4,</span> <span class='ocrx_word' id='word_1_28' title='bbox 597 622 670 688; x_wconf 83' lang='grc'><strong>445.</strong></span> <span class='ocrx_word' id='word_1_29' title='bbox 688 621 770 687; x_wconf 85' lang='lat' dir='ltr'>bene</span> <span class='ocrx_word' id='word_1_30' title='bbox 785 625 969 710; x_wconf 81' lang='lat' dir='ltr'>perspexit,</span> <span class='ocrx_word' id='word_1_31' title='bbox 995 626 1100 712; x_wconf 82' lang='lat' dir='ltr'>origi-</span> 
     </span>
     <span class='ocr_line' id='line_1_8' title="bbox 54 708 1099 798; baseline 0.004 -25"><span class='ocrx_word' id='word_1_32' title='bbox 54 710 410 791; x_wconf 54' lang='lat' dir='ltr'>nemeiuffirutionim</span> <span class='ocrx_word' id='word_1_33' title='bbox 432 711 465 774; x_wconf 90' lang='lat' dir='ltr'>in</span> <span class='ocrx_word' id='word_1_34' title='bbox 486 732 548 796; x_wconf 86' lang='lat' dir='ltr'>qua</span> <span class='ocrx_word' id='word_1_35' title='bbox 567 710 761 775; x_wconf 86' lang='lat' dir='ltr'>sententiam</span> <span class='ocrx_word' id='word_1_36' title='bbox 779 708 932 774; x_wconf 90' lang='lat' dir='ltr'>omissam</span> <span class='ocrx_word' id='word_1_37' title='bbox 950 713 1099 798; x_wconf 87' lang='lat' dir='ltr'>requira-</span> 
     </span>
     <span class='ocr_line' id='line_1_9' title="bbox 53 784 1101 882; baseline 0.003 -12"><span class='ocrx_word' id='word_1_38' title='bbox 53 818 150 870; x_wconf 75' lang='lat' dir='ltr'>mus.</span> <span class='ocrx_word' id='word_1_39' title='bbox 173 784 399 882; x_wconf 54' lang='lat' dir='ltr'>quaerinffl‘nr,</span> <span class='ocrx_word' id='word_1_40' title='bbox 416 818 484 875; x_wconf 58' lang='lat'>²⁸⁵2</span> <span class='ocrx_word' id='word_1_41' title='bbox 499 795 676 879; x_wconf 61' lang='lat' dir='ltr'>...ia...an„ini,.</span> <span class='ocrx_word' id='word_1_42' title='bbox 689 794 841 879; x_wconf 64' lang='grc'>,4011944444</span> <span class='ocrx_word' id='word_1_43' title='bbox 863 792 997 873; x_wconf 71' lang='lat' dir='ltr'>illectu.</span> <span class='ocrx_word' id='word_1_44' title='bbox 1038 799 1101 861; x_wconf 84' lang='lat' dir='ltr'>At-</span> 
     </span>
     <span class='ocr_line' id='line_1_10' title="bbox 53 862 1100 970; baseline 0.003 -27"><span class='ocrx_word' id='word_1_45' title='bbox 53 903 123 966; x_wconf 82' lang='lat' dir='ltr'>que</span> <span class='ocrx_word' id='word_1_46' title='bbox 148 862 322 970; x_wconf 73' lang='lat' dir='ltr'>particulae</span> <span class='ocrx_word' id='word_1_47' title='bbox 344 903 440 967; x_wconf 86' lang='lat' dir='ltr'>saepe</span> <span class='ocrx_word' id='word_1_48' title='bbox 465 883 497 944; x_wconf 89' lang='lat' dir='ltr'>ia</span> <span class='ocrx_word' id='word_1_49' title='bbox 522 883 624 947; x_wconf 86' lang='lat' dir='ltr'>vicem</span> <span class='ocrx_word' id='word_1_50' title='bbox 652 882 899 966; x_wconf 73' lang='lat' dir='ltr'>praetermissae</span> <span class='ocrx_word' id='word_1_51' title='bbox 922 883 1100 949; x_wconf 84' lang='lat' dir='ltr'>sententiae</span> 
     </span>
     <span class='ocr_line' id='line_1_11' title="bbox 55 965 1100 1053; baseline 0.002 -23"><span class='ocrx_word' id='word_1_52' title='bbox 55 968 99 1030; x_wconf 88' lang='lat' dir='ltr'>ita</span> <span class='ocrx_word' id='word_1_53' title='bbox 122 966 318 1045; x_wconf 88' lang='lat' dir='ltr'>succedunt,</span> <span class='ocrx_word' id='word_1_54' title='bbox 344 977 381 1030; x_wconf 85' lang='lat' dir='ltr'>ut</span> <span class='ocrx_word' id='word_1_55' title='bbox 404 989 475 1030; x_wconf 83' lang='lat' dir='ltr'>eum</span> <span class='ocrx_word' id='word_1_56' title='bbox 499 967 605 1053; x_wconf 84' lang='lat' dir='ltr'>ipsam</span> <span class='ocrx_word' id='word_1_57' title='bbox 623 966 778 1031; x_wconf 77' lang='lat' dir='ltr'>indicent.</span> <span class='ocrx_word' id='word_1_58' title='bbox 831 965 931 1032; x_wconf 85' lang='lat' dir='ltr'>Erant</span> <span class='ocrx_word' id='word_1_59' title='bbox 979 969 1100 1042; x_wconf 80' lang='lat' dir='ltr'>uidem,</span> 
     </span>
     <span class='ocr_line' id='line_1_12' title="bbox 55 1050 1099 1138; baseline 0.003 -24"><span class='ocrx_word' id='word_1_60' title='bbox 55 1053 113 1138; x_wconf 79' lang='lat' dir='ltr'>qai</span> <span class='ocrx_word' id='word_1_61' title='bbox 135 1062 372 1124; x_wconf 83' lang='lat' dir='ltr'>monstrarent,</span> <span class='ocrx_word' id='word_1_62' title='bbox 391 1054 426 1115; x_wconf 91' lang='lat' dir='ltr'>in</span> <span class='ocrx_word' id='word_1_63' title='bbox 441 1051 708 1137; x_wconf 78' lang='lat' dir='ltr'>responsionibus</span> <span class='ocrx_word' id='word_1_64' title='bbox 724 1050 947 1137; x_wconf 89' lang='lat' dir='ltr'>simplicitera</span> <span class='ocrx_word' id='word_1_65' title='bbox 989 1075 1099 1117; x_wconf 88' lang='lat' dir='ltr'>rman-</span> 
     </span>
     <span class='ocr_line' id='line_1_13' title="bbox 54 1137 1099 1226; baseline 0.002 -26"><span class='ocrx_word' id='word_1_66' title='bbox 54 1138 144 1201; x_wconf 89' lang='lat' dir='ltr'>tibus</span> <span class='ocrx_word' id='word_1_67' title='bbox 168 1147 222 1200; x_wconf 87' lang='lat' dir='ltr'>aut</span> <span class='ocrx_word' id='word_1_68' title='bbox 246 1137 439 1225; x_wconf 74' lang='lat' dir='ltr'>negantibus</span> <span class='ocrx_word' id='word_1_69' title='bbox 463 1140 569 1224; x_wconf 81' lang='lat' dir='ltr'>ipsam</span> <span class='ocrx_word' id='word_1_70' title='bbox 594 1137 848 1201; x_wconf 85' lang='lat' dir='ltr'>affirmationem</span> <span class='ocrx_word' id='word_1_71' title='bbox 872 1148 928 1202; x_wconf 88' lang='lat' dir='ltr'>aut</span> <span class='ocrx_word' id='word_1_72' title='bbox 948 1140 1099 1226; x_wconf 84' lang='lat' dir='ltr'>negatio-</span> 
     </span>
     <span class='ocr_line' id='line_1_14' title="bbox 55 1223 1100 1308; baseline -0.001 -21"><span class='ocrx_word' id='word_1_73' title='bbox 55 1244 132 1287; x_wconf 89' lang='lat' dir='ltr'>nem</span> <span class='ocrx_word' id='word_1_74' title='bbox 152 1223 271 1301; x_wconf 86' lang='lat' dir='ltr'>omitti‚</span> <span class='ocrx_word' id='word_1_75' title='bbox 293 1232 323 1286; x_wconf 90' lang='lat' dir='ltr'>et</span> <span class='ocrx_word' id='word_1_76' title='bbox 340 1244 486 1287; x_wconf 86' lang='lat' dir='ltr'>caussam</span> <span class='ocrx_word' id='word_1_77' title='bbox 504 1223 652 1308; x_wconf 77' lang='lat' dir='ltr'>responsi</span> <span class='ocrx_word' id='word_1_78' title='bbox 670 1243 731 1308; x_wconf 87' lang='lat' dir='ltr'>per</span> <span class='ocrx_word' id='word_1_79' title='bbox 745 1242 829 1286; x_wconf 85' lang='lat' dir='ltr'>nom</span> <span class='ocrx_word' id='word_1_80' title='bbox 844 1223 990 1288; x_wconf 84' lang='lat' dir='ltr'>indicari.</span> <span class='ocrx_word' id='word_1_81' title='bbox 1021 1223 1100 1290; x_wconf 89' lang='lat' dir='ltr'>Vide</span> 
     </span>
     <span class='ocr_line' id='line_1_15' title="bbox 57 1306 1101 1394; baseline 0.001 -21"><span class='ocrx_word' id='word_1_82' title='bbox 57 1306 259 1373; x_wconf 84' lang='lat' dir='ltr'>ilenrichseu</span> <span class='ocrx_word' id='word_1_83' title='bbox 283 1308 408 1374; x_wconf 82' lang='lat' dir='ltr'>adCic.</span> <span class='ocrx_word' id='word_1_84' title='bbox 432 1307 473 1373; x_wconf 92' lang='lat' dir='ltr'>de</span> <span class='ocrx_word' id='word_1_85' title='bbox 494 1308 588 1372; x_wconf 80' lang='lat' dir='ltr'>Oret.</span> <span class='ocrx_word' id='word_1_86' title='bbox 618 1329 650 1394; x_wconf 90' lang='lat' dir='ltr'>p.</span> <span class='ocrx_word' id='word_1_87' title='bbox 667 1313 720 1370; x_wconf 70' lang='lat'>47.</span> <span class='ocrx_word' id='word_1_88' title='bbox 764 1306 877 1372; x_wconf 80' lang='lat' dir='ltr'><strong>Clark.</strong></span> <span class='ocrx_word' id='word_1_89' title='bbox 906 1309 946 1372; x_wconf 92' lang='lat' dir='ltr'>ad</span> <span class='ocrx_word' id='word_1_90' title='bbox 966 1310 1101 1374; x_wconf 81' lang='lat' dir='ltr'>Homer.</span> 
     </span>
     <span class='ocr_line' id='line_1_16' title="bbox 56 1391 1100 1473; baseline 0 -16"><span class='ocrx_word' id='word_1_91' title='bbox 56 1391 148 1457; x_wconf 87' lang='lat' dir='ltr'>lliad.</span> <span class='ocrx_word' id='word_1_92' title='bbox 172 1398 232 1473; x_wconf 79' lang='lat' dir='ltr'>st,</span> <span class='ocrx_word' id='word_1_93' title='bbox 253 1395 327 1458; x_wconf 80' lang='grc'><strong>334.</strong></span> <span class='ocrx_word' id='word_1_94' title='bbox 376 1392 504 1458; x_wconf 89' lang='lat' dir='ltr'>Tamen</span> <span class='ocrx_word' id='word_1_95' title='bbox 535 1394 567 1459; x_wconf 91' lang='lat' dir='ltr'>in</span> <span class='ocrx_word' id='word_1_96' title='bbox 593 1393 763 1458; x_wconf 80' lang='lat' dir='ltr'>bisetium</span> <span class='ocrx_word' id='word_1_97' title='bbox 791 1393 873 1457; x_wconf 89' lang='lat' dir='ltr'>nihil</span> <span class='ocrx_word' id='word_1_98' title='bbox 905 1393 1100 1459; x_wconf 79' lang='lat' dir='ltr'>desiderabis</span> 
     </span>
     <span class='ocr_line' id='line_1_17' title="bbox 58 1473 1100 1565; baseline 0.003 -23"><span class='ocrx_word' id='word_1_99' title='bbox 58 1479 239 1545; x_wconf 87' lang='lat' dir='ltr'>omissum.</span> <span class='ocrx_word' id='word_1_100' title='bbox 263 1478 363 1542; x_wconf 89' lang='lat' dir='ltr'>modo</span> <span class='ocrx_word' id='word_1_101' title='bbox 386 1502 468 1543; x_wconf 81' lang='lat' dir='ltr'>nune</span> <span class='ocrx_word' id='word_1_102' title='bbox 486 1478 664 1542; x_wconf 84' lang='lat' dir='ltr'>reddideris</span> <span class='ocrx_word' id='word_1_103' title='bbox 682 1473 894 1565; x_wconf 71' lang='lat' dir='ltr'>perfreiliali</span> <span class='ocrx_word' id='word_1_104' title='bbox 918 1480 967 1544; x_wconf 86' lang='lat' dir='ltr'>vel</span> <span class='ocrx_word' id='word_1_105' title='bbox 992 1480 1100 1545; x_wconf 84' lang='lat' dir='ltr'>oller·</span> 
     </span>
     <span class='ocr_line' id='line_1_18' title="bbox 55 1561 1101 1651; baseline 0 -22"><span class='ocrx_word' id='word_1_106' title='bbox 55 1565 176 1649; x_wconf 77' lang='lat' dir='ltr'>clinga.</span> <span class='ocrx_word' id='word_1_107' title='bbox 228 1561 363 1628; x_wconf 72' lang='lat' dir='ltr'>Facilius</span> <span class='ocrx_word' id='word_1_108' title='bbox 386 1566 472 1628; x_wconf 88' lang='lat' dir='ltr'>euim</span> <span class='ocrx_word' id='word_1_109' title='bbox 503 1564 660 1651; x_wconf 80' lang='lat' dir='ltr'>inteiligas</span> <span class='ocrx_word' id='word_1_110' title='bbox 683 1565 745 1628; x_wconf 84' lang='lat' dir='ltr'>lroc</span> <span class='ocrx_word' id='word_1_111' title='bbox 772 1586 884 1628; x_wconf 85' lang='lat' dir='ltr'>verum</span> <span class='ocrx_word' id='word_1_112' title='bbox 908 1576 975 1637; x_wconf 84' lang='lat' dir='ltr'>est,</span> <span class='ocrx_word' id='word_1_113' title='bbox 1000 1587 1101 1629; x_wconf 77' lang='lat' dir='ltr'>nom:</span> 
     </span>
     <span class='ocr_line' id='line_1_19' title="bbox 55 1647 1111 1737; baseline 0.004 -25"><span class='ocrx_word' id='word_1_114' title='bbox 55 1652 114 1712; x_wconf 88' lang='lat' dir='ltr'>sed</span> <span class='ocrx_word' id='word_1_115' title='bbox 140 1650 238 1711; x_wconf 89' lang='lat' dir='ltr'>etiam</span> <span class='ocrx_word' id='word_1_116' title='bbox 265 1647 331 1712; x_wconf 85' lang='lat' dir='ltr'>lroc</span> <span class='ocrx_word' id='word_1_117' title='bbox 355 1647 460 1729; x_wconf 88' lang='lat' dir='ltr'>ipsum</span> <span class='ocrx_word' id='word_1_118' title='bbox 486 1647 569 1711; x_wconf 88' lang='lat' dir='ltr'>inest</span> <span class='ocrx_word' id='word_1_119' title='bbox 592 1650 625 1713; x_wconf 88' lang='lat' dir='ltr'>in</span> <span class='ocrx_word' id='word_1_120' title='bbox 650 1648 816 1737; x_wconf 85' lang='lat' dir='ltr'>particula.</span> <span class='ocrx_word' id='word_1_121' title='bbox 867 1649 1041 1713; x_wconf 84' lang='lat' dir='ltr'>Schiitzius</span> <span class='ocrx_word' id='word_1_122' title='bbox 1068 1654 1111 1716; x_wconf 86' lang='lat' dir='ltr'>iu·</span> 
     </span>
     <span class='ocr_line' id='line_1_20' title="bbox 56 1732 1104 1822; baseline 0.003 -25"><span class='ocrx_word' id='word_1_123' title='bbox 56 1734 246 1817; x_wconf 85' lang='lat' dir='ltr'>Prolegom.</span> <span class='ocrx_word' id='word_1_124' title='bbox 272 1732 313 1794; x_wconf 92' lang='lat' dir='ltr'>ad</span> <span class='ocrx_word' id='word_1_125' title='bbox 345 1734 415 1795; x_wconf 86' lang='lat' dir='ltr'>Cic.</span> <span class='ocrx_word' id='word_1_126' title='bbox 441 1732 577 1797; x_wconf 81' lang='lat' dir='ltr'>Rhetor.</span> <span class='ocrx_word' id='word_1_127' title='bbox 607 1755 641 1819; x_wconf 89' lang='lat' dir='ltr'>p.</span> <span class='ocrx_word' id='word_1_128' title='bbox 663 1737 715 1798; x_wconf 83' lang='lat'>14.</span> <span class='ocrx_word' id='word_1_129' title='bbox 744 1733 973 1817; x_wconf 79' lang='lat' dir='ltr'>Cornificium,</span> <span class='ocrx_word' id='word_1_130' title='bbox 1003 1757 1104 1822; x_wconf 90' lang='lat' dir='ltr'>quem</span> 
     </span>
     <span class='ocr_line' id='line_1_21' title="bbox 59 1815 1107 1910; baseline 0.004 -27"><span class='ocrx_word' id='word_1_131' title='bbox 59 1816 218 1883; x_wconf 88' lang='lat' dir='ltr'>librorum</span> <span class='ocrx_word' id='word_1_132' title='bbox 238 1815 480 1881; x_wconf 83' lang='lat' dir='ltr'>rhetoricorum</span> <span class='ocrx_word' id='word_1_133' title='bbox 504 1829 672 1882; x_wconf 84' lang='lat' dir='ltr'>auctorem</span> <span class='ocrx_word' id='word_1_134' title='bbox 689 1840 757 1882; x_wconf 89' lang='lat' dir='ltr'>esse</span> <span class='ocrx_word' id='word_1_135' title='bbox 770 1829 924 1899; x_wconf 87' lang='lat' dir='ltr'>autumat,</span> <span class='ocrx_word' id='word_1_136' title='bbox 944 1832 977 1885; x_wconf 88' lang='lat' dir='ltr'>et</span> <span class='ocrx_word' id='word_1_137' title='bbox 993 1821 1107 1910; x_wconf 79' lang='lat' dir='ltr'>ipsum¹</span> 
     </span>
     <span class='ocr_line' id='line_1_22' title="bbox 61 1902 1104 1990; baseline 0.004 -23"><span class='ocrx_word' id='word_1_138' title='bbox 61 1904 252 1967; x_wconf 87' lang='lat' dir='ltr'>Ciceronem</span> <span class='ocrx_word' id='word_1_139' title='bbox 272 1902 419 1987; x_wconf 77' lang='lat' dir='ltr'>castigat,</span> <span class='ocrx_word' id='word_1_140' title='bbox 442 1902 531 1985; x_wconf 88' lang='lat' dir='ltr'>quod</span> <span class='ocrx_word' id='word_1_141' title='bbox 547 1902 815 1988; x_wconf 81' lang='lat' dir='ltr'>significationem</span> <span class='ocrx_word' id='word_1_142' title='bbox 832 1908 1006 1990; x_wconf 79' lang='lat' dir='ltr'>particulae</span> <span class='ocrx_word' id='word_1_143' title='bbox 1020 1928 1104 1971; x_wconf 86' lang='lat' dir='ltr'>nom</span> 
     </span>
     <span class='ocr_line' id='line_1_23' title="bbox 59 1986 1101 2055; baseline 0.002 -3"><span class='ocrx_word' id='word_1_144' title='bbox 59 2010 128 2052; x_wconf 90' lang='lat' dir='ltr'>non</span> <span class='ocrx_word' id='word_1_145' title='bbox 153 1986 399 2051; x_wconf 85' lang='lat' dir='ltr'>intellexissent.</span> <span class='ocrx_word' id='word_1_146' title='bbox 442 1988 550 2050; x_wconf 85' lang='lat' dir='ltr'>Locus</span> <span class='ocrx_word' id='word_1_147' title='bbox 576 1990 663 2051; x_wconf 89' lang='lat' dir='ltr'>euim</span> <span class='ocrx_word' id='word_1_148' title='bbox 693 1997 743 2050; x_wconf 84' lang='lat' dir='ltr'>est</span> <span class='ocrx_word' id='word_1_149' title='bbox 766 1986 869 2051; x_wconf 88' lang='lat' dir='ltr'>Plauti</span> <span class='ocrx_word' id='word_1_150' title='bbox 891 1991 926 2052; x_wconf 91' lang='lat' dir='ltr'>in</span> <span class='ocrx_word' id='word_1_151' title='bbox 947 1990 1101 2055; x_wconf 82' lang='lat' dir='ltr'>Trinum.</span> 
     </span>
     <span class='ocr_line' id='line_1_24' title="bbox 61 2070 1104 2158; baseline -0.001 -19"><span class='ocrx_word' id='word_1_152' title='bbox 61 2082 97 2151; x_wconf 83' lang='lat' dir='ltr'>l,</span> <span class='ocrx_word' id='word_1_153' title='bbox 114 2079 153 2150; x_wconf 83' lang='lat'>1,</span> <span class='ocrx_word' id='word_1_154' title='bbox 170 2078 203 2137; x_wconf 76' lang='lat'>2.</span> <span class='ocrx_word' id='word_1_155' title='bbox 226 2072 374 2136; x_wconf 81' lang='lat' dir='ltr'>amictam</span> <span class='ocrx_word' id='word_1_156' title='bbox 397 2073 573 2158; x_wconf 78' lang='lat' dir='ltr'>cirstigore</span> <span class='ocrx_word' id='word_1_157' title='bbox 588 2070 629 2136; x_wconf 82' lang='lat' dir='ltr'>od</span> <span class='ocrx_word' id='word_1_158' title='bbox 646 2072 809 2136; x_wconf 84' lang='lat' dir='ltr'>meritam</span> <span class='ocrx_word' id='word_1_159' title='bbox 823 2073 963 2136; x_wconf 82' lang='lat' dir='ltr'>noxium</span> <span class='ocrx_word' id='word_1_160' title='bbox 980 2074 1104 2138; x_wconf 81' lang='lat' dir='ltr'>imum·</span> 
     </span>
     <span class='ocr_line' id='line_1_25' title="bbox 59 2153 1104 2244; baseline 0 -20"><span class='ocrx_word' id='word_1_161' title='bbox 59 2182 103 2224; x_wconf 83' lang='lat' dir='ltr'>ne</span> <span class='ocrx_word' id='word_1_162' title='bbox 119 2169 169 2223; x_wconf 79' lang='lat' dir='ltr'>cst</span> <span class='ocrx_word' id='word_1_163' title='bbox 185 2157 329 2244; x_wconf 69' lang='lat' dir='ltr'>sueinus.</span> <span class='ocrx_word' id='word_1_164' title='bbox 376 2153 416 2218; x_wconf 92' lang='lat' dir='ltr'><em>V</em></span> <span class='ocrx_word' id='word_1_165' title='bbox 412 2179 506 2221; x_wconf 81' lang='lat' dir='ltr'>erum</span> <span class='ocrx_word' id='word_1_166' title='bbox 530 2156 567 2219; x_wconf 85' lang='lat' dir='ltr'>in</span> <span class='ocrx_word' id='word_1_167' title='bbox 583 2168 698 2221; x_wconf 85' lang='lat' dir='ltr'>aetate</span> <span class='ocrx_word' id='word_1_168' title='bbox 719 2156 802 2220; x_wconf 82' lang='lat' dir='ltr'>utile</span> <span class='ocrx_word' id='word_1_169' title='bbox 826 2169 860 2220; x_wconf 87' lang='lat' dir='ltr'>et</span> <span class='ocrx_word' id='word_1_170' title='bbox 882 2158 1104 2226; x_wconf 71' lang='lat' dir='ltr'>conducibile.</span> 
     </span>
     <span class='ocr_line' id='line_1_26' title="bbox 61 2239 1105 2329; baseline -0.002 -19"><span class='ocrx_word' id='word_1_171' title='bbox 61 2243 158 2310; x_wconf 78' lang='lat' dir='ltr'>Nom</span> <span class='ocrx_word' id='word_1_172' title='bbox 174 2265 237 2329; x_wconf 84' lang='lat' dir='ltr'>ego</span> <span class='ocrx_word' id='word_1_173' title='bbox 252 2243 400 2306; x_wconf 71' lang='lat' dir='ltr'>unucttm</span> <span class='ocrx_word' id='word_1_174' title='bbox 421 2241 521 2306; x_wconf 80' lang='lat' dir='ltr'>bodie</span> <span class='ocrx_word' id='word_1_175' title='bbox 537 2264 648 2306; x_wconf 82' lang='lat' dir='ltr'>merim</span> <span class='ocrx_word' id='word_1_176' title='bbox 664 2239 907 2326; x_wconf 79' lang='lat' dir='ltr'>concastigabo</span> <span class='ocrx_word' id='word_1_177' title='bbox 928 2265 994 2327; x_wconf 81' lang='lat' dir='ltr'>pro</span> <span class='ocrx_word' id='word_1_178' title='bbox 1012 2266 1105 2308; x_wconf 81' lang='lat' dir='ltr'>eona·</span> 
     </span>
     <span class='ocr_line' id='line_1_27' title="bbox 60 2326 1105 2412; baseline 0.002 -19"><span class='ocrx_word' id='word_1_179' title='bbox 60 2329 187 2393; x_wconf 82' lang='lat' dir='ltr'>merito</span> <span class='ocrx_word' id='word_1_180' title='bbox 201 2328 324 2391; x_wconf 80' lang='lat' dir='ltr'>noxios</span> <span class='ocrx_word' id='word_1_181' title='bbox 346 2347 412 2412; x_wconf 77' lang='lat' dir='ltr'>quo</span> <span class='ocrx_word' id='word_1_182' title='bbox 427 2326 575 2393; x_wconf 85' lang='lat' dir='ltr'>rhetores</span> <span class='ocrx_word' id='word_1_183' title='bbox 589 2327 638 2391; x_wconf 88' lang='lat' dir='ltr'>usi</span> <span class='ocrx_word' id='word_1_184' title='bbox 653 2338 729 2389; x_wconf 85' lang='lat' dir='ltr'>sunt</span> <span class='ocrx_word' id='word_1_185' title='bbox 751 2326 790 2390; x_wconf 91' lang='lat' dir='ltr'>nd</span> <span class='ocrx_word' id='word_1_186' title='bbox 815 2328 1105 2395; x_wconf 84' lang='lat' dir='ltr'>demonstrandam</span> 
     </span>
     <span class='ocr_line' id='line_1_28' title="bbox 62 2409 1104 2501; baseline 0.001 -22"><span class='ocrx_word' id='word_1_187' title='bbox 62 2414 305 2501; x_wconf 82' lang='lat' dir='ltr'>expositionem</span> <span class='ocrx_word' id='word_1_188' title='bbox 329 2409 506 2477; x_wconf 83' lang='lat' dir='ltr'>infirmam.</span> <span class='ocrx_word' id='word_1_189' title='bbox 556 2411 730 2476; x_wconf 80' lang='lat' dir='ltr'>Schiitzius</span> <span class='ocrx_word' id='word_1_190' title='bbox 754 2420 881 2488; x_wconf 89' lang='lat' dir='ltr'>autem,</span> <span class='ocrx_word' id='word_1_191' title='bbox 917 2415 1104 2498; x_wconf 79' lang='lat' dir='ltr'>„particula</span> 
     </span>
     <span class='ocr_line' id='line_1_29' title="bbox 60 2496 1105 2584; baseline 0.001 -19"><span class='ocrx_word' id='word_1_192' title='bbox 60 2521 164 2577; x_wconf 79' lang='lat' dir='ltr'>nom,</span> <span class='ocrx_word' id='word_1_193' title='bbox 186 2499 311 2583; x_wconf 81' lang='lat' dir='ltr'>iuquit,</span> <span class='ocrx_word' id='word_1_194' title='bbox 333 2496 385 2562; x_wconf 91' lang='lat' dir='ltr'>hic</span> <span class='ocrx_word' id='word_1_195' title='bbox 400 2508 434 2561; x_wconf 88' lang='lat' dir='ltr'>ut</span> <span class='ocrx_word' id='word_1_196' title='bbox 449 2519 544 2584; x_wconf 86' lang='lat' dir='ltr'>saepe</span> <span class='ocrx_word' id='word_1_197' title='bbox 563 2499 697 2580; x_wconf 88' lang='lat' dir='ltr'>ponitur</span> <span class='ocrx_word' id='word_1_198' title='bbox 721 2498 843 2560; x_wconf 86' lang='lat' dir='ltr'>omissa</span> <span class='ocrx_word' id='word_1_199' title='bbox 869 2501 1028 2564; x_wconf 87' lang='lat' dir='ltr'>sententia</span> <span class='ocrx_word' id='word_1_200' title='bbox 1053 2501 1105 2566; x_wconf 82' lang='lat' dir='ltr'>fa·</span> 
     </span>
     <span class='ocr_line' id='line_1_30' title="bbox 63 2580 1105 2672; baseline 0 -23"><span class='ocrx_word' id='word_1_201' title='bbox 63 2584 123 2649; x_wconf 87' lang='lat' dir='ltr'>cile</span> <span class='ocrx_word' id='word_1_202' title='bbox 138 2583 343 2671; x_wconf 78' lang='lat' dir='ltr'>supplendas</span> <span class='ocrx_word' id='word_1_203' title='bbox 365 2592 404 2646; x_wconf 89' lang='lat' dir='ltr'>ut</span> <span class='ocrx_word' id='word_1_204' title='bbox 419 2582 470 2647; x_wconf 91' lang='lat' dir='ltr'>hie</span> <span class='ocrx_word' id='word_1_205' title='bbox 488 2584 588 2647; x_wconf 89' lang='lat' dir='ltr'>intelli</span> <span class='ocrx_word' id='word_1_206' title='bbox 613 2585 623 2647; x_wconf 93' lang='lat' dir='ltr'>i</span> <span class='ocrx_word' id='word_1_207' title='bbox 647 2591 772 2669; x_wconf 88' lang='lat' dir='ltr'>potest:</span> <span class='ocrx_word' id='word_1_208' title='bbox 796 2580 886 2668; x_wconf 82' lang='lat' dir='ltr'>qrrocl</span> <span class='ocrx_word' id='word_1_209' title='bbox 911 2584 997 2648; x_wconf 81' lang='lat' dir='ltr'>milri</span> <span class='ocrx_word' id='word_1_210' title='bbox 1021 2609 1105 2672; x_wconf 79' lang='lat' dir='ltr'>qrae-</span> 
     </span>
     <span class='ocr_line' id='line_1_31' title="bbox 63 2607 1123 2759; baseline 0.005 -28"><span class='ocrx_word' id='word_1_211' title='bbox 63 2692 124 2758; x_wconf 80' lang='lat' dir='ltr'>que</span> <span class='ocrx_word' id='word_1_212' title='bbox 138 2669 430 2743; x_wconf 62' lang='lat' dir='ltr'>carnosissimis,</span> <span class='ocrx_word' id='word_1_213' title='bbox 455 2669 493 2733; x_wconf 83' lang='lat' dir='ltr'>ad</span> <span class='ocrx_word' id='word_1_214' title='bbox 518 2607 611 2754; x_wconf 81' lang='lat' dir='ltr'>qnod</span> <span class='ocrx_word' id='word_1_215' title='bbox 629 2666 816 2732; x_wconf 85' lang='lat' dir='ltr'>referuntur</span> <span class='ocrx_word' id='word_1_216' title='bbox 838 2667 917 2732; x_wconf 77' lang='lat' dir='ltr'>istas</span> <span class='ocrx_word' id='word_1_217' title='bbox 941 2691 1025 2733; x_wconf 86' lang='lat' dir='ltr'>nom</span> <span class='ocrx_word' id='word_1_218' title='bbox 1040 2674 1123 2759; x_wconf 81' lang='lat' dir='ltr'>ego&#39;</span> 
     </span>
     <span class='ocr_line' id='line_1_32' title="bbox 63 2753 1104 2831; baseline 0 -10"><span class='ocrx_word' id='word_1_219' title='bbox 63 2755 235 2830; x_wconf 71' lang='lat' dir='ltr'>naucum,</span> <span class='ocrx_word' id='word_1_220' title='bbox 261 2776 330 2818; x_wconf 93' lang='lat' dir='ltr'>non</span> <span class='ocrx_word' id='word_1_221' title='bbox 348 2764 474 2831; x_wconf 87' lang='lat' dir='ltr'>autem,</span> <span class='ocrx_word' id='word_1_222' title='bbox 500 2764 535 2815; x_wconf 91' lang='lat' dir='ltr'>ut</span> <span class='ocrx_word' id='word_1_223' title='bbox 551 2763 666 2817; x_wconf 81' lang='lat' dir='ltr'>arictor</span> <span class='ocrx_word' id='word_1_224' title='bbox 682 2753 720 2817; x_wconf 92' lang='lat' dir='ltr'>ad</span> <span class='ocrx_word' id='word_1_225' title='bbox 740 2753 943 2817; x_wconf 81' lang='lat' dir='ltr'>Herennium</span> <span class='ocrx_word' id='word_1_226' title='bbox 959 2764 991 2819; x_wconf 92' lang='lat' dir='ltr'>et</span> <span class='ocrx_word' id='word_1_227' title='bbox 1008 2755 1104 2820; x_wconf 87' lang='lat' dir='ltr'>Cice·</span> 
     </span>
     <span class='ocr_line' id='line_1_33' title="bbox 63 2837 1105 2927; baseline 0.001 -22"><span class='ocrx_word' id='word_1_228' title='bbox 63 2863 122 2922; x_wconf 87' lang='lat' dir='ltr'>ro,</span> <span class='ocrx_word' id='word_1_229' title='bbox 144 2858 219 2904; x_wconf 89' lang='lat' dir='ltr'>eum</span> <span class='ocrx_word' id='word_1_230' title='bbox 237 2849 410 2926; x_wconf 84' lang='lat' dir='ltr'>sequutus,</span> <span class='ocrx_word' id='word_1_231' title='bbox 435 2839 557 2927; x_wconf 88' lang='lat' dir='ltr'>opinati</span> <span class='ocrx_word' id='word_1_232' title='bbox 581 2848 674 2913; x_wconf 87' lang='lat' dir='ltr'>sunt,</span> <span class='ocrx_word' id='word_1_233' title='bbox 696 2837 736 2901; x_wconf 89' lang='lat' dir='ltr'>ad</span> <span class='ocrx_word' id='word_1_234' title='bbox 752 2839 967 2902; x_wconf 86' lang='lat' dir='ltr'>sententiam:</span> <span class='ocrx_word' id='word_1_235' title='bbox 991 2861 1105 2906; x_wconf 84' lang='lat' dir='ltr'>rerum</span> 
     </span>
     <span class='ocr_line' id='line_1_34' title="bbox 64 2920 1105 3010; baseline 0 -20"><span class='ocrx_word' id='word_1_236' title='bbox 64 2925 100 2991; x_wconf 92' lang='lat' dir='ltr'>in</span> <span class='ocrx_word' id='word_1_237' title='bbox 126 2935 230 2989; x_wconf 86' lang='lat' dir='ltr'>aetate</span> <span class='ocrx_word' id='word_1_238' title='bbox 255 2930 345 2989; x_wconf 82' lang='lat' dir='ltr'>ete.·‘</span> <span class='ocrx_word' id='word_1_239' title='bbox 402 2927 441 2986; x_wconf 78' lang='lat' dir='ltr'>At</span> <span class='ocrx_word' id='word_1_240' title='bbox 466 2923 582 2987; x_wconf 89' lang='lat' dir='ltr'>rhetor</span> <span class='ocrx_word' id='word_1_241' title='bbox 611 2920 776 2988; x_wconf 85' lang='lat' dir='ltr'>infirmam</span> <span class='ocrx_word' id='word_1_242' title='bbox 795 2924 1046 3010; x_wconf 81' lang='lat' dir='ltr'>expositionem</span> <span class='ocrx_word' id='word_1_243' title='bbox 1071 2922 1105 2990; x_wconf 83' lang='lat' dir='ltr'>iu</span> 
     </span>
     <span class='ocr_line' id='line_1_35' title="bbox 64 3008 1107 3075; baseline 0.001 -1"><span class='ocrx_word' id='word_1_244' title='bbox 64 3011 214 3074; x_wconf 83' lang='lat' dir='ltr'>oratorio</span> <span class='ocrx_word' id='word_1_245' title='bbox 234 3031 296 3073; x_wconf 80' lang='lat' dir='ltr'>risu</span> <span class='ocrx_word' id='word_1_246' title='bbox 311 3030 378 3073; x_wconf 91' lang='lat' dir='ltr'>non</span> <span class='ocrx_word' id='word_1_247' title='bbox 395 3009 629 3074; x_wconf 87' lang='lat' dir='ltr'>admittendam</span> <span class='ocrx_word' id='word_1_248' title='bbox 650 3008 852 3072; x_wconf 86' lang='lat' dir='ltr'>demonstrat</span> <span class='ocrx_word' id='word_1_249' title='bbox 871 3008 972 3073; x_wconf 87' lang='lat' dir='ltr'>Plauti</span> <span class='ocrx_word' id='word_1_250' title='bbox 990 3032 1107 3075; x_wconf 80' lang='lat' dir='ltr'>exem-</span> 
     </span>
     <span class='ocr_line' id='line_1_36' title="bbox 64 3093 1106 3184; baseline 0.002 -25"><span class='ocrx_word' id='word_1_251' title='bbox 64 3096 143 3184; x_wconf 90' lang='lat' dir='ltr'>plo,</span> <span class='ocrx_word' id='word_1_252' title='bbox 167 3094 255 3180; x_wconf 85' lang='lat' dir='ltr'>quod</span> <span class='ocrx_word' id='word_1_253' title='bbox 279 3093 444 3158; x_wconf 83' lang='lat' dir='ltr'>infirmam</span> <span class='ocrx_word' id='word_1_254' title='bbox 469 3096 709 3182; x_wconf 81' lang='lat' dir='ltr'>expositionem</span> <span class='ocrx_word' id='word_1_255' title='bbox 731 3094 906 3157; x_wconf 87' lang='lat' dir='ltr'>contineat.</span> <span class='ocrx_word' id='word_1_256' title='bbox 949 3093 1033 3159; x_wconf 89' lang='lat' dir='ltr'>Nam</span> <span class='ocrx_word' id='word_1_257' title='bbox 1055 3118 1106 3162; x_wconf 90' lang='lat' dir='ltr'>se-</span> 
     </span>
     <span class='ocr_line' id='line_1_37' title="bbox 65 3178 1105 3266; baseline 0 -20"><span class='ocrx_word' id='word_1_258' title='bbox 65 3202 134 3247; x_wconf 85' lang='lat' dir='ltr'>nex</span> <span class='ocrx_word' id='word_1_259' title='bbox 150 3180 205 3245; x_wconf 88' lang='lat' dir='ltr'>ille</span> <span class='ocrx_word' id='word_1_260' title='bbox 219 3200 260 3244; x_wconf 85' lang='lat' dir='ltr'>ex</span> <span class='ocrx_word' id='word_1_261' title='bbox 277 3203 335 3256; x_wconf 79' lang='lat' dir='ltr'>eo,</span> <span class='ocrx_word' id='word_1_262' title='bbox 358 3179 446 3265; x_wconf 91' lang='lat' dir='ltr'>quod</span> <span class='ocrx_word' id='word_1_263' title='bbox 469 3182 541 3266; x_wconf 87' lang='lat' dir='ltr'>ipse</span> <span class='ocrx_word' id='word_1_264' title='bbox 564 3180 710 3245; x_wconf 83' lang='lat' dir='ltr'>facturus</span> <span class='ocrx_word' id='word_1_265' title='bbox 734 3189 798 3257; x_wconf 85' lang='lat' dir='ltr'>cst,</span> <span class='ocrx_word' id='word_1_266' title='bbox 819 3178 960 3243; x_wconf 86' lang='lat' dir='ltr'>declarat</span> <span class='ocrx_word' id='word_1_267' title='bbox 986 3181 1105 3246; x_wconf 86' lang='lat' dir='ltr'>verita-</span> 
     </span>
     <span class='ocr_line' id='line_1_38' title="bbox 64 3263 1106 3350; baseline -0.001 -18"><span class='ocrx_word' id='word_1_268' title='bbox 64 3279 134 3332; x_wconf 92' lang='lat' dir='ltr'>tem</span> <span class='ocrx_word' id='word_1_269' title='bbox 149 3267 327 3330; x_wconf 87' lang='lat' dir='ltr'>sententiss</span> <span class='ocrx_word' id='word_1_270' title='bbox 345 3265 378 3329; x_wconf 93' lang='lat' dir='ltr'>in</span> <span class='ocrx_word' id='word_1_271' title='bbox 400 3267 485 3328; x_wconf 90' lang='lat' dir='ltr'>hunc</span> <span class='ocrx_word' id='word_1_272' title='bbox 500 3265 656 3330; x_wconf 87' lang='lat' dir='ltr'>modum:</span> <span class='ocrx_word' id='word_1_273' title='bbox 682 3263 770 3350; x_wconf 90' lang='lat' dir='ltr'>quod</span> <span class='ocrx_word' id='word_1_274' title='bbox 789 3285 849 3350; x_wconf 84' lang='lat' dir='ltr'>ego</span> <span class='ocrx_word' id='word_1_275' title='bbox 869 3264 912 3327; x_wconf 94' lang='lat' dir='ltr'>ob</span> <span class='ocrx_word' id='word_1_276' title='bbox 935 3266 1106 3331; x_wconf 85' lang='lat' dir='ltr'>utilitatem</span> 
     </span>
     <span class='ocr_line' id='line_1_39' title="bbox 66 3350 1106 3440; baseline -0.001 -23"><span class='ocrx_word' id='word_1_277' title='bbox 66 3351 236 3440; x_wconf 84' lang='lat' dir='ltr'>cognitam</span> <span class='ocrx_word' id='word_1_278' title='bbox 253 3350 354 3414; x_wconf 89' lang='lat' dir='ltr'>hodie</span> <span class='ocrx_word' id='word_1_279' title='bbox 372 3353 512 3416; x_wconf 83' lang='lat' dir='ltr'>amicum</span> <span class='ocrx_word' id='word_1_280' title='bbox 528 3374 639 3416; x_wconf 90' lang='lat' dir='ltr'>meum</span> <span class='ocrx_word' id='word_1_281' title='bbox 658 3351 873 3434; x_wconf 79' lang='lat' dir='ltr'>castigaturus</span> <span class='ocrx_word' id='word_1_282' title='bbox 888 3371 978 3427; x_wconf 84' lang='lat' dir='ltr'>sum,</span> <span class='ocrx_word' id='word_1_283' title='bbox 1001 3373 1106 3439; x_wconf 88' lang='lat' dir='ltr'>appa-</span> 
     </span>
     <span class='ocr_line' id='line_1_40' title="bbox 64 3433 1106 3533; baseline -0.005 -29"><span class='ocrx_word' id='word_1_284' title='bbox 64 3449 119 3504; x_wconf 86' lang='lat' dir='ltr'>ret</span> <span class='ocrx_word' id='word_1_285' title='bbox 143 3435 307 3502; x_wconf 86' lang='lat' dir='ltr'>interdum</span> <span class='ocrx_word' id='word_1_286' title='bbox 327 3457 394 3498; x_wconf 80' lang='lat' dir='ltr'>esse</span> <span class='ocrx_word' id='word_1_287' title='bbox 412 3435 490 3500; x_wconf 87' lang='lat' dir='ltr'>utile</span> <span class='ocrx_word' id='word_1_288' title='bbox 505 3435 639 3501; x_wconf 88' lang='lat' dir='ltr'>facinus.</span> <span class='ocrx_word' id='word_1_289' title='bbox 683 3436 716 3502; x_wconf 88' lang='lat' dir='ltr'>Si</span> <span class='ocrx_word' id='word_1_290' title='bbox 733 3433 812 3525; x_wconf 27' lang='lat' dir='ltr'>quid·</span> <span class='ocrx_word' id='word_1_291' title='bbox 831 3435 931 3533; x_wconf 68' lang='lat' dir='ltr'>igitur</span> <span class='ocrx_word' id='word_1_292' title='bbox 945 3438 1106 3523; x_wconf 71' lang='lat' dir='ltr'>supplen-</span> 
     </span>
     <span class='ocr_line' id='line_1_41' title="bbox 66 3516 1108 3615; baseline 0 -29"><span class='ocrx_word' id='word_1_293' title='bbox 66 3523 150 3586; x_wconf 90' lang='lat' dir='ltr'>dum</span> <span class='ocrx_word' id='word_1_294' title='bbox 173 3529 237 3599; x_wconf 88' lang='lat' dir='ltr'>est,</span> <span class='ocrx_word' id='word_1_295' title='bbox 262 3520 409 3615; x_wconf 60' lang='lat' dir='ltr'>intellige</span> <span class='ocrx_word' id='word_1_296' title='bbox 431 3521 493 3584; x_wconf 81' lang='lat' dir='ltr'>boc</span> <span class='ocrx_word' id='word_1_297' title='bbox 515 3544 627 3609; x_wconf 82' lang='lat' dir='ltr'>oerum</span> <span class='ocrx_word' id='word_1_298' title='bbox 640 3516 837 3609; x_wconf 29' lang='lat' dir='ltr'>‚carqiioa</span> <span class='ocrx_word' id='word_1_299' title='bbox 849 3543 959 3610; x_wconf 83' lang='lat' dir='ltr'>ipsum</span> <span class='ocrx_word' id='word_1_300' title='bbox 980 3521 1108 3610; x_wconf 81' lang='lat' dir='ltr'>siguifi-</span> 
     </span>
    </p>
   </div>
   <div class='ocr_carea' id='block_1_7' title="bbox 117 3602 260 3623">
    <p class='ocr_par' dir='ltr' id='par_1_7' title="bbox 117 3602 260 3623">
     <span class='ocr_line' id='line_1_42' title="bbox 117 3602 260 3623; baseline -0.014 0"><span class='ocrx_word' id='word_1_301' title='bbox 117 3602 260 3623; x_wconf 66' lang='lat' dir='ltr'>..nau-*¹*</span> 
     </span>
    </p>
   </div>
   <div class='ocr_carea' id='block_1_8' title="bbox 32 3619 232 3673">
    <p class='ocr_par' dir='ltr' id='par_1_8' title="bbox 32 3619 232 3673">
     <span class='ocr_line' id='line_1_43' title="bbox 32 3619 232 3673; baseline -0.02 0"><span class='ocrx_word' id='word_1_302' title='bbox 32 3624 36 3647; x_wconf 85' lang='lat'><strong>¹</strong></span> <span class='ocrx_word' id='word_1_303' title='bbox 66 3619 232 3673; x_wconf 75' lang='lat' dir='ltr'>cainam.</span> 
     </span>
    </p>
   </div>
   <div class='ocr_carea' id='block_1_9' title="bbox 131 3756 1109 3912">
    <p class='ocr_par' dir='ltr' id='par_1_9' title="bbox 131 3756 1109 3912">
     <span class='ocr_line' id='line_1_44' title="bbox 180 3756 1109 3831; baseline 0.001 -19"><span class='ocrx_word' id='word_1_304' title='bbox 180 3759 295 3813; x_wconf 68' lang='lat' dir='ltr'>Sallust.</span> <span class='ocrx_word' id='word_1_305' title='bbox 308 3757 370 3827; x_wconf 77' lang='lat' dir='ltr'>lag.</span> <span class='ocrx_word' id='word_1_306' title='bbox 387 3757 437 3822; x_wconf 78' lang='lat'>28,</span> <span class='ocrx_word' id='word_1_307' title='bbox 455 3757 480 3808; x_wconf 89' lang='grc'>4.</span> <span class='ocrx_word' id='word_1_308' title='bbox 497 3756 599 3809; x_wconf 85' lang='lat' dir='ltr'>interim</span> <span class='ocrx_word' id='word_1_309' title='bbox 621 3756 776 3826; x_wconf 76' lang='lat' dir='ltr'>Calpurnius</span> <span class='ocrx_word' id='word_1_310' title='bbox 795 3765 891 3827; x_wconf 83' lang='lat' dir='ltr'>parata</span> <span class='ocrx_word' id='word_1_311' title='bbox 913 3762 1022 3813; x_wconf 64' lang='lat' dir='ltr'>marito</span> <span class='ocrx_word' id='word_1_312' title='bbox 1036 3761 1109 3831; x_wconf 81' lang='lat' dir='ltr'>legat</span> 
     </span>
     <span class='ocr_line' id='line_1_45' title="bbox 131 3842 1109 3912; baseline 0.001 -18"><span class='ocrx_word' id='word_1_313' title='bbox 131 3843 187 3895; x_wconf 71' lang='lat' dir='ltr'>silei</span> <span class='ocrx_word' id='word_1_314' title='bbox 208 3843 324 3896; x_wconf 69' lang='lat' dir='ltr'>baurim</span> <span class='ocrx_word' id='word_1_315' title='bbox 346 3844 440 3894; x_wconf 78' lang='lat' dir='ltr'>nobiles</span> <span class='ocrx_word' id='word_1_316' title='bbox 456 3842 602 3906; x_wconf 71' lang='lat' dir='ltr'>factiosos,</span> <span class='ocrx_word' id='word_1_317' title='bbox 633 3857 740 3908; x_wconf 81' lang='lat' dir='ltr'>quornm</span> <span class='ocrx_word' id='word_1_318' title='bbox 761 3843 930 3908; x_wconf 81' lang='lat' dir='ltr'>auctoritate,</span> <span class='ocrx_word' id='word_1_319' title='bbox 956 3862 1021 3912; x_wconf 80' lang='lat' dir='ltr'>quae</span> <span class='ocrx_word' id='word_1_320' title='bbox 1043 3845 1109 3897; x_wconf 78' lang='lat' dir='ltr'>dcli-</span> 
     </span>
    </p>
   </div>
   <div class='ocr_carea' id='block_1_10' title="bbox 22 3926 1110 3995">
    <p class='ocr_par' dir='ltr' id='par_1_10' title="bbox 22 3926 1110 3995">
     <span class='ocr_line' id='line_1_46' title="bbox 22 3926 1110 3995; baseline 0 -16"><span class='ocrx_word' id='word_1_321' title='bbox 22 3990 25 3995; x_wconf 34' lang='lat'>·</span> <span class='ocrx_word' id='word_1_322' title='bbox 133 3929 248 3994; x_wconf 66' lang='lat' dir='ltr'>quium,</span> <span class='ocrx_word' id='word_1_323' title='bbox 265 3929 370 3980; x_wconf 75' lang='lat' dir='ltr'>cassita</span> <span class='ocrx_word' id='word_1_324' title='bbox 386 3931 450 3995; x_wconf 78' lang='lat' dir='ltr'>sore</span> <span class='ocrx_word' id='word_1_325' title='bbox 472 3926 608 3992; x_wconf 82' lang='lat' dir='ltr'>sperabat:</span> <span class='ocrx_word' id='word_1_326' title='bbox 627 3927 657 3977; x_wconf 79' lang='lat' dir='ltr'>in</span> <span class='ocrx_word' id='word_1_327' title='bbox 679 3927 737 3992; x_wconf 79' lang='lat' dir='ltr'>qais</span> <span class='ocrx_word' id='word_1_328' title='bbox 756 3929 813 3991; x_wconf 81' lang='lat' dir='ltr'>soit</span> <span class='ocrx_word' id='word_1_329' title='bbox 839 3929 969 3991; x_wconf 79' lang='lat' dir='ltr'>Scaurus,</span> <span class='ocrx_word' id='word_1_330' title='bbox 992 3929 1063 3979; x_wconf 83' lang='lat' dir='ltr'>caios</span> <span class='ocrx_word' id='word_1_331' title='bbox 1075 3928 1110 3978; x_wconf 82' lang='lat' dir='ltr'>de</span> 
     </span>
    </p>
   </div>
   <div class='ocr_carea' id='block_1_11' title="bbox 134 4011 1111 4164">
    <p class='ocr_par' dir='ltr' id='par_1_11' title="bbox 134 4011 1111 4164">
     <span class='ocr_line' id='line_1_47' title="bbox 134 4011 1111 4078; baseline -0.001 -15"><span class='ocrx_word' id='word_1_332' title='bbox 134 4017 232 4063; x_wconf 71' lang='lat' dir='ltr'>maara</span> <span class='ocrx_word' id='word_1_333' title='bbox 253 4017 279 4064; x_wconf 82' lang='lat' dir='ltr'>ct</span> <span class='ocrx_word' id='word_1_334' title='bbox 301 4011 390 4063; x_wconf 71' lang='lat' dir='ltr'>liabitas</span> <span class='ocrx_word' id='word_1_335' title='bbox 411 4027 490 4078; x_wconf 83' lang='lat' dir='ltr'>sopra</span> <span class='ocrx_word' id='word_1_336' title='bbox 510 4011 714 4063; x_wconf 81' lang='lat' dir='ltr'>memoravimus.</span> <span class='ocrx_word' id='word_1_337' title='bbox 759 4011 826 4063; x_wconf 85' lang='lat' dir='ltr'>Nom</span> <span class='ocrx_word' id='word_1_338' title='bbox 848 4011 877 4063; x_wconf 73' lang='lat' dir='ltr'>iu</span> <span class='ocrx_word' id='word_1_339' title='bbox 901 4013 1001 4063; x_wconf 82' lang='lat' dir='ltr'>canente</span> <span class='ocrx_word' id='word_1_340' title='bbox 1021 4017 1111 4063; x_wconf 74' lang='lat' dir='ltr'>narbo</span> 
     </span>
     <span class='ocr_line' id='line_1_48' title="bbox 136 4093 1110 4164; baseline 0 -18"><span class='ocrx_word' id='word_1_341' title='bbox 136 4096 237 4150; x_wconf 76' lang='lat' dir='ltr'>assuas</span> <span class='ocrx_word' id='word_1_342' title='bbox 249 4096 377 4162; x_wconf 65' lang='lat' dir='ltr'>maeque</span> <span class='ocrx_word' id='word_1_343' title='bbox 391 4102 458 4148; x_wconf 82' lang='lat' dir='ltr'>artes</span> <span class='ocrx_word' id='word_1_344' title='bbox 478 4093 561 4145; x_wconf 84' lang='lat' dir='ltr'>animi</span> <span class='ocrx_word' id='word_1_345' title='bbox 577 4100 602 4146; x_wconf 83' lang='lat' dir='ltr'>st</span> <span class='ocrx_word' id='word_1_346' title='bbox 624 4096 736 4164; x_wconf 81' lang='lat' dir='ltr'>corporis</span> <span class='ocrx_word' id='word_1_347' title='bbox 750 4102 840 4159; x_wconf 73' lang='lat' dir='ltr'>aaut,</span> <span class='ocrx_word' id='word_1_348' title='bbox 858 4113 921 4164; x_wconf 72' lang='lat' dir='ltr'>anas</span> <span class='ocrx_word' id='word_1_349' title='bbox 938 4111 1025 4148; x_wconf 79' lang='lat' dir='ltr'>amasa</span> <span class='ocrx_word' id='word_1_350' title='bbox 1043 4110 1110 4146; x_wconf 82' lang='lat' dir='ltr'>ase·</span> 
     </span>
    </p>
   </div>
   <div class='ocr_carea' id='block_1_12' title="bbox 0 0 1342 4906">
    <p class='ocr_par' dir='ltr' id='par_1_12' title="bbox 0 0 1342 4906">
     <span class='ocr_line' id='line_1_49' title="bbox 0 0 1342 4906; baseline 0 0"><span class='ocrx_word' id='word_1_351' title='bbox 0 0 1342 4906; x_wconf 95' lang='lat' dir='ltr'> </span> 
     </span>
    </p>
   </div>
  </div>
 </body>
</html>
