2662 4906
76 364 79 371 .
164 308 225 397 1⁵4
498 305 664 374 suuvu.
706 305 870 413 aeuus.

161 475 195 543 sl
211 482 314 559 σῶμα.
336 471 417 540 uus
429 474 478 539 eal
492 471 567 539 κατὰ
583 471 639 556 τήν
653 473 767 560 ψυχήν.
792 476 1117 566 Χεηορὴ.Μεω.1,
1130 482 1164 551 9,
1179 483 1210 544 8.

161 565 212 629 eui
235 560 290 647 οὐχ
305 559 352 627 iim
375 559 403 626 ὅ·
415 563 535 645 Κρίτων
549 560 583 626 ἐν
596 557 707 650 ἠσυχίᾳ
721 557 778 646 ἦν,
800 560 874 630 cilici
888 565 938 630 nul
952 567 984 630 ei
999 566 1084 645 miles
1106 560 1211 629 uisui.

275 675 379 726 Bellus
404 672 431 725 ia
447 670 505 725 cto.
519 671 605 740 Epist.
621 673 656 726 etl
677 675 733 729 au.
751 673 819 739 9,(1.
846 676 943 731 aedem
961 677 1100 730 lominum
1121 677 1210 730 lumi-

229 761 311 824 lium,
334 766 364 813 ut
382 776 427 813 aes
440 775 543 822 eumue,
560 759 604 811 eetl
625 759 707 811 ctiam
724 761 944 830 amplissimarum
965 762 1082 813 uirorum
1103 762 1210 829 eemilie

228 864 259 898 ee
275 851 373 906 eventu,
389 838 442 895 iren
458 859 488 894 er
506 843 639 896 vuluntate
657 861 677 897 e
718 847 817 914 erisque
828 847 937 916 preleri
948 847 1040 900 eelem-
1058 845 1208 899 seuuesiss

225 947 287 983 eum
304 926 425 982 Weielie
439 924 549 993 scripsit
566 926 616 980 etei
701 934 705 941 '
730 967 737 981 .
771 930 852 996 Quod
873 931 961 1000 ipsum
985 931 1020 984 eb
1043 929 1207 1001 elegantiori

227 1014 344 1069 rtietieae
370 1002 663 1067 attulerimus&
688 1020 778 1067 temen
802 1015 861 1070 eutl.
883 1014 982 1068 melle.
1001 1015 1090 1069 liniret
1115 1032 1204 1068 mm.

225 1099 356 1167 Suspicor
369 1099 465 1151 aulum
479 1095 635 1166 scripsisse,
653 1097 701 1165 qui
719 1107 782 1152 sate
796 1103 842 1155 secl
858 1102 936 1154 etiem
951 1099 1140 1155 neeessariam
1154 1117 1203 1169 pu-

224 1183 338 1238 tavisset
351 1181 542 1253 negationem,
559 1183 607 1236 sed
623 1182 743 1236 Bulbum
758 1183 813 1237 its:
828 1184 949 1237 nimirum
965 1185 1099 1239 laminam
1118 1187 1202 1239 lemi-

224 1270 305 1334 lium‚
321 1277 351 1323 et
373 1287 417 1320 aee
431 1285 537 1330 eumue,
555 1269 600 1321 sed
621 1269 699 1322 etium
723 1270 942 1338 amplissimarum
959 1272 1074 1324 uirorum
1099 1271 1204 1324 semilis

223 1374 255 1409 re
272 1363 362 1408 euentu
381 1380 411 1392 -
426 1352 533 1422 probari
548 1354 641 1406 soleat.
679 1354 777 1406 Tamen
787 1356 857 1424 freti
874 1362 926 1409 ete.
960 1353 1019 1406 cte.
1037 1355 1202 1419 1111111),

225 1440 268 1492 lli.
288 1448 319 1494 tu
335 1439 456 1508 queniam
471 1445 604 1504 quartana
618 1454 691 1490 eures
706 1444 731 1490 et
745 1439 841 1490 aedem
862 1442 976 1493 morbum
997 1441 1145 1507 removisti,
1161 1444 1202 1494 seri
1232 1420 1237 1443 ¹

223 1526 301 1577 etiem
316 1523 498 1594 gravedinem,
519 1529 545 1576 te
558 1530 677 1590 uegetum
692 1523 764 1574 uelis
779 1524 807 1575 ia
819 1524 929 1578 Graecia
942 1527 1011 1579 siste
1046 1527 1078 1578 lu
1091 1526 1138 1579 lsis
1152 1544 1202 1597 aaa

224 1608 305 1660 mele
322 1624 385 1662 usus
400 1606 552 1674 particulae
567 1605 693 1670 effendit,
714 1607 761 1660 sed
776 1606 861 1674 ipsius
877 1611 1029 1665 sententiae
1044 1613 1198 1666 euaierms-

223 1692 272 1746 tio.
306 1692 392 1745 Neruo
414 1708 544 1761 amquam
566 1691 656 1745 dicet:
681 1692 766 1746 etiam
787 1693 983 1762 gravedinem,
1002 1698 1105 1750 nedum
1125 1714 1197 1750 mer-

220 1779 287 1831 lauu
302 1776 453 1830 removisti.
485 1777 581 1843 Quare
595 1776 696 1845 optimu
716 1776 777 1830 iure
797 1777 919 1831 restitute
941 1781 1065 1835 Orellius
1081 1781 1196 1850 seriptu—

222 1881 282 1918 rttm
298 1862 414 1915 medicei
432 1861 531 1915 codicis
546 1871 571 1915 et
588 1881 684 1916 aestum
701 1862 817 1915 merium
837 1865 985 1919 removisti:
1013 1867 1048 1920 tle
1069 1882 1124 1936 qutt
1145 1865 1196 1921 lem

219 1949 359 2002 Manutius
371 1947 520 2016 disputavit
540 1948 575 2004 etl
592 1948 679 2016 Epist.
698 1949 764 2002 lum.
780 1947 806 2014 i,
823 1946 867 2001 28.

235 2063 266 2140 *J
287 2055 424 2123 Nedum
439 2067 680 2123 commutatum
698 2059 845 2122 videmus
861 2079 936 2123 cum
952 2082 996 2127 ue
1019 2071 1094 2126 tum
1112 2085 1130 2127 e
1155 2062 1193 2126 ud

152 2144 258 2298 {llari}
276 2145 367 2294 egen.
386 2148 425 2231 Ι5,
441 2149 472 2224 7,
488 2146 540 2211 55.
558 2164 656 2230 saepe
678 2164 753 2208 eum
777 2143 940 2225 necdum,
961 2156 999 2211 ut
1020 2147 1111 2236 apud
1129 2085 1192 2214 its.

205 2279 216 2315 2
265 2276 276 2310 2
320 2272 338 2297 “»

548 2393 792 2482 ΝΕΜΡΕ.

231 2549 468 2618 Partieulurum
499 2547 589 2614 nulla
620 2549 857 2629 videturesse,
888 2573 971 2640 quae
999 2552 1191 2643 iQQQ

151 2639 407 2729 sfflmmsticis
425 2648 493 2700 tam
511 2646 598 2700 recte
620 2636 799 2724 explicatu,
822 2639 879 2703 sed
897 2640 937 2703 ab
955 2634 1012 2714 iis]
1035 2642 1093 2727 qui
1108 2663 1191 2706 nuuc

149 2716 440 2795 litine‘fflufft,
470 2716 823 2808 tatit‘iffllffu'stit‘jiutu
846 2726 907 2806 sit,
938 2746 1037 2810 qttum
1062 2750 1191 2812 nempe.

149 2814 195 2880 Ea
221 2812 329 2891 enim,
360 2809 498 2895 quaein
522 2807 703 2873 Tursellini
728 2809 814 2873 libro
839 2809 868 2873 le
893 2821 1010 2892 untur,
1042 2823 1192 2878 naturum

150 2897 299 2966 vocabuli
326 2895 470 2984 plurimu
500 2914 541 2957 ex
572 2904 667 2980 parte
692 2907 841 2959 scemate
865 2835 1044 2973 iilustrann
1083 2909 1116 2963 et
1147 2922 1194 2978 eu,

148 3008 230 3074 quae
248 2983 288 3048 ab
313 2983 382 3046 aliis
407 2989 521 3068 postea
542 2990 620 3042 sunt
641 2979 780 3055 tradita,
803 2981 966 3046 subtiliter
988 2984 1194 3072 distinguunt

146 3069 399 3159 significationes
432 3087 492 3151 per
522 3065 681 3130 oratieuis
711 3066 856 3131 fornum
889 3067 1051 3132 diversuss
1083 3079 1193 3136 tamen

146 3178 251 3222 uuum
268 3154 348 3218 illud
365 3150 607 3224 desideramus,
630 3152 721 3237 quod
737 3175 805 3216 non
823 3156 996 3234 omnibus,
1019 3176 1104 3240 quae
1127 3156 1193 3221 dis·

146 3250 342 3330 ponuntur,
365 3234 656 3324 significationibus
678 3259 782 3301 tinum
814 3239 1071 3304 fundamentum
1098 3264 1193 3307 com·

145 3347 246 3392 mune
262 3335 310 3388 est
326 3321 561 3385 substructum.
604 3322 765 3386 Miserunt
785 3322 826 3387 de
849 3323 908 3388 hae
928 3347 965 3388 re
982 3325 1191 3391 lleiudorlius

145 3412 186 3478 ad
202 3412 319 3476 Horat.
336 3409 403 3472 Sat.
421 3413 449 3484 1,
467 3412 517 3484 10,
536 3413 565 3470 1.
589 3407 753 3472 Weberus
770 3409 804 3473 in
820 3409 928 3483 libro,
949 3432 1047 3496 qttem
1076 3412 1190 3476 iuscri-

143 3497 210 3585 psit
225 3492 499 3580 Uebuugssclsule
518 3515 551 3579 p.
563 3495 637 3557 515.
655 3493 730 3557 edit.
747 3515 810 3557 sec.
854 3496 892 3559 A.
911 3493 1047 3558 lacobus
1060 3496 1093 3563 in
1116 3497 1190 3561 luh-

144 3583 190 3647 nti
206 3581 322 3645 Annal.
350 3577 421 3640 Vol.
437 3581 469 3641 8.
485 3600 518 3665 p.
535 3580 605 3643 140.
647 3579 849 3665 llurtuugius
872 3580 906 3645 in
929 3579 1006 3645 libri
1023 3580 1065 3646 de
1083 3584 1190 3648 Parti·

143 3668 223 3734 eulis
241 3666 365 3753 graecis
387 3663 418 3729 T
420 3685 490 3728 om.
509 3669 539 3728 1.
560 3687 595 3752 p.
612 3667 686 3731 485.

225 3784 356 3872 Nempe
367 3805 408 3847 ex
429 3782 534 3847 verbis
550 3807 633 3848 nam
648 3795 755 3877 “Q
771 3783 888 3868 quibus
910 3786 1007 3849 etium
1025 3801 1142 3851 neniae
1159 3800 1189 3853 et

142 3873 265 3961 quippe
295 3876 469 3946 coustant,
507 3880 730 3954 compositum
768 3891 853 3948 esse,
894 3891 1011 3934 omnes
1047 3894 1188 3937 cousen-

143 3961 240 4023 tiuut.
289 3956 372 4021 lllud
394 3979 441 4039 pe
465 3955 682 4019 Doederliuus
706 3956 834 4039 Syuun.
863 3955 964 4018 'sona
991 3960 1022 4018 6.
1057 3981 1091 4041 p.
1115 3961 1187 4024 251.

141 4064 296 4130 graecum
313 4067 356 4125 πη
374 4043 441 4104 sive
456 4067 498 4103 aa
518 4063 585 4105 esse
608 4040 705 4118 dicit,
728 4040 829 4104 Get-h.
848 4042 981 4105 Vossius
1002 4048 1065 4106 ποῦ
1089 4055 1119 4106 et
1134 4068 1187 4106 πτε

143 4140 335 4219 comparat:
358 4121 559 4212 llartuugius
577 4135 698 4205 autem,
721 4124 894 4192 conferens
915 4139 1042 4213 utpute,
1065 4150 1186 4215 euterpe
