2662 4906
512 255 586 324 NE.
698 255 704 261 ’
1032 260 1126 330 51·

20 425 215 490 sententium
243 424 463 492 contrarium:
493 422 535 489 ed
556 425 651 490 nicht
675 425 752 492 eice
773 422 868 494 Rede
890 449 938 492 arc
962 425 1071 516 Krcst

21 511 178 591 eerliere,
201 509 267 574 das
293 511 340 576 ist
359 533 397 575 se
415 510 494 576 weit
510 506 679 597 entfernt,
704 507 785 600 dass
800 513 849 577 im
865 511 1072 598 Gegerrtlreil

20 606 81 660 stc.
133 597 383 676 Qussvsrsor,
410 617 454 660 ns
485 595 625 661 nliensm
647 595 788 662 hubesnt
810 600 984 663 notionem
1010 601 1069 663 cd-

20 682 173 749 mixtnm.
223 681 289 748 Sed
316 680 485 748 formulas
513 680 600 745 illius
628 686 713 747 rstio
735 681 816 748 hncc
846 694 913 765 est,
941 695 978 746 ut
1002 705 1068 749 uns

20 778 115 854 purte
138 766 243 855 possit
268 778 430 832 constare.
479 765 624 853 Negstur
644 766 769 854 aliquid
795 790 883 849 csse,
910 768 967 833 scd
991 790 1068 834 curn

20 853 282 940 comparatione·
319 853 384 917 Pro
408 874 469 931 eo,
490 852 581 937 quod
601 852 803 940 cogitemus:
829 875 899 920 non
922 864 1008 929 erut,
1031 865 1068 919 nt

20 936 118 1003 binos
147 940 340 1019 scriberent,
369 937 452 1002 dixit
484 937 599 1002 Cicero
628 938 669 1002 sd
700 941 767 1004 Au.
790 940 822 1022 8,
848 945 903 1005 21.
931 951 1068 1005 tuntum

20 1021 165 1104 aberat,
185 1032 223 1088 ut
248 1023 343 1088 birros
365 1021 568 1089 scriberent.-
588 1023 643 1087 cic
663 1024 819 1112 singulos
839 1021 1067 1113 confecerunt.
1145 1093 1153 1104 ,

24 1107 177 1173 lurtum
193 1108 233 1173 sd
258 1109 379 1196 sliquid
404 1106 568 1185 refertur,
592 1108 683 1195 quod
710 1131 779 1174 non
802 1120 851 1176 cst
874 1110 981 1175 verbis
1006 1133 1068 1176 ex-

44 1217 183 1259 ressum.
226 1193 295 1258 lom
314 1193 467 1260 secedere
484 1204 594 1295 potest
609 1194 711 1260 slteru
727 1217 814 1283 pers,
836 1217 920 1282 quse
936 1217 977 1261 ex
992 1218 1068 1261 scr·

20 1216 65 1344 do
81 1291 215 1344 tontum
235 1279 374 1366 pendet,
399 1279 515 1345 veluti:
538 1289 676 1344 tantum
697 1292 812 1346 cutem
835 1279 931 1347 obest
952 1280 996 1345 ab
1017 1303 1067 1362 eo,

20 1377 57 1430 ut
79 1364 209 1429 molum
225 1387 317 1429 mors
331 1366 396 1444 sit,
418 1376 454 1429 ut
476 1387 609 1442 vereor,
629 1389 673 1431 ne
687 1365 819 1431 homini
833 1366 924 1431 nihil
937 1367 983 1429 sit
998 1389 1068 1430 nore

19 1449 149 1515 mulsum
169 1449 270 1513 clircd
291 1461 379 1516 certe
403 1459 465 1518 etc.
508 1451 576 1516 Cic.
597 1449 695 1516 Tusc.
720 1458 750 1534 1,
765 1457 820 1532 31,
836 1456 889 1516 76.
914 1451 978 1516 hoc
1000 1461 1065 1514 est:

20 1536 59 1601 sb
83 1557 149 1613 eo,
173 1544 212 1597 nt
235 1534 358 1598 mulum
383 1556 475 1599 mors
506 1536 565 1611 sit,
592 1545 721 1602 tuntum
746 1536 857 1611 abest.
878 1547 914 1602 ut
942 1557 1065 1601 vercor.
1156 1544 1158 1549 ’

20 1621 90 1689 Liv.
110 1625 142 1698 6,
172 1623 224 1684 15.
246 1619 302 1684 cui
316 1640 380 1704 ego
394 1620 446 1683 rei
469 1631 604 1685 tontum
626 1619 738 1702 adest,
760 1634 799 1688 ut
822 1621 1065 1708 impedimento

18 1706 164 1785 sirn„ut
187 1715 311 1769 contra
332 1714 367 1768 te
392 1701 565 1770 cdlzorter.
592 1704 657 1770 hoc
679 1717 745 1772 est:
767 1719 804 1772 ut
827 1707 1064 1794 impedimento

20 1792 98 1867 siro,
123 1800 192 1852 tum
214 1788 356 1852 multum
379 1787 491 1866 sbest,
512 1799 549 1852 ut
571 1800 686 1855 contre
710 1800 742 1854 tc
764 1791 927 1857 adhorter.
970 1792 1066 1871 Qune

21 1897 122 1963 quum
147 1875 190 1937 ita
210 1873 302 1951 sint,
328 1895 349 1938 n
373 1873 535 1938 Cicerone
554 1872 648 1938 nullo
672 1885 770 1961 pecto
796 1887 925 1962 poterat
955 1877 1065 1956 scribi,

21 1972 55 2027 ut
77 1959 352 2044 intelligeremus:
383 1980 429 2022 ue
450 1969 626 2024 enervetur
647 1959 779 2039 oratio,
806 1971 941 2024 tontum
963 1959 1065 2039 obest,

21 2059 55 2112 st
75 2057 137 2110 etc.
181 2044 295 2124 Quare
318 2042 346 2106 si
363 2048 512 2108 reru'est
533 2043 716 2130 scripturn,
738 2065 805 2108 unu
826 2043 972 2134 suppetit
994 2067 1066 2110 rer·

22 2132 141 2198 borum
158 2149 267 2197 censes
287 2126 387 2208 haec,
409 2149 474 2214 qun
489 2127 587 2192 verbs
604 2151 647 2193 rre
659 2163 702 2177 -
720 2141 895 2194 enervetur
916 2130 1068 2216 interpo-

10 2224 144 2323 {rantur
166 2215 257 2301 qussi
275 2214 310 2280 in
333 2210 522 2304 parenthesi
553 2234 617 2304 pro
640 2216 689 2280 'ce
722 2211 879 2280 dicamus
905 2215 1068 2282 enervari

10 2302 220 2369 mationem-

100 2425 154 2485 13.
175 2418 371 2500 Discrimen,
392 2441 459 2507 quo
479 2439 521 2486 ne
536 2417 577 2484 sb
591 2430 630 2484 ιιι
643 2442 709 2485 nou
726 2416 974 2510 distinguemus,
991 2447 1065 2491 cer-

23 2505 109 2571 nitur
124 2505 158 2570 in
177 2527 236 2580 eo,
259 2505 407 2593 quodne
422 2505 571 2594 negativa
586 2502 669 2571 iectu
686 2516 735 2571 est
755 2507 959 2588 coniunctio,
982 2532 1065 2596 quos

23 2590 159 2667 indicet,
194 2590 341 2691 nequid
371 2590 446 2674 fist,
475 2591 622 2679 positum
646 2612 715 2656 esse
746 2592 781 2656 in
807 2593 881 2680 ipso
914 2596 1064 2661 consilio.

25 2674 74 2742 Vt
95 2712 136 2725 -—
158 2700 244 2755 non,
275 2699 310 2741 ιιι
332 2677 452 2826 puibus
475 2677 613 2775 ¹negatio
650 2677 791 2763 pertinet
826 2678 866 2743 ud
900 2682 1064 2766 singulare

23 2762 186 2849 quoddam
210 2758 334 2827 vocibn
352 2783 425 2838 um,
456 2760 806 2849 significetconsilium
831 2785 918 2838 esse,
945 2777 981 2828 ut
1002 2766 1083 2832 eli-.
1192 2749 1196 2755 ¹

23 2848 152 2933 quidne
166 2847 236 2936 ipsa
252 2849 436 2912 intermisso
454 2858 510 2912 sut
526 2856 663 2911 remota·
674 2846 845 2912 efficietur.
887 2851 1064 2915 Gramma-

22 2934 73 2997 tici
92 2954 170 2999 vcro
186 2933 384 3021 distinguere
397 2932 507 2997 solent
521 2933 585 3012 its,
608 2933 749 2997 utillum
765 2932 873 2997 dicunt
896 2955 964 3000 esse
988 2934 1064 2999 for-

20 3038 108 3083 num
127 3016 278 3098 finulem,
299 3018 384 3084 hanc
405 3018 693 3104 consequutisnm,
717 3017 807 3104 quusi
824 3015 897 3082 finis
917 3020 965 3084 rel
982 3042 1065 3084 con·

19 3103 128 3177 silium
144 3125 213 3167 non
228 3104 306 3168 item
316 3104 384 3191 'per
398 3115 437 3167 ut
451 3104 670 3191 exprimatur,
694 3113 750 3165 sut
765 3124 832 3167 non
857 3104 1065 3172 inveniuntur

10 3187 100 3269 duci,
128 3189 162 3251 in
187 3187 303 3274 quibus
326 3189 502 3253 consilium
523 3186 723 3276 significetur
757 3187 873 3275 positis
897 3190 1003 3273 verbis
1027 3201 1064 3254 ut

17 3294 96 3338 son.
139 3273 303 3351 Nimirum
321 3284 468 3339 mutatur
483 3275 518 3339 in
531 3286 569 3337 ut
587 3296 656 3337 non
671 3273 753 3337 rstio
769 3295 828 3354 co,
851 3272 941 3359 quod
965 3296 1064 3362 negu-

10 3359 63 3441 ¹tio
87 3379 158 3423 non
183 3358 223 3422 nrl
249 3362 482 3446 cogitationem
509 3359 653 3448 pertinet
679 3359 773 3438 eius,
798 3358 854 3444 qui
890 3360 1064 3424 consilium

10 3438 137 3522 stater,
158 3443 213 3508 sed
237 3446 284 3511 rei
311 3442 499 3510 efficiendae
519 3443 691 3518 tribuitur,
714 3465 774 3507 nee
801 3453 906 3507 totam
930 3455 1063 3510 senteu-

18 3531 95 3593 tism
114 3539 230 3615 negat,
251 3529 309 3607 scd
330 3531 489 3594 uniuersi
509 3529 709 3615 qualitatem.
753 3528 790 3593 ld
813 3550 892 3593 vero
919 3527 955 3592 ‘rit
981 3552 1063 3616 pro-

18 3626 90 3764 pter
103 3613 185 3678 duss
201 3636 345 3691 caussas,
369 3627 404 3679 ut
418 3623 473 3678 sut
487 3615 617 3701 negotio
632 3612 672 3677 nd
688 3613 824 3679 verbum
846 3615 982 3700 proprie
1007 3637 1063 3680 re·

47 3711 80 3763 tn
113 3701 220 3786 magis
252 3701 402 3766 distincta
433 3699 496 3777 sit,
524 3708 580 3763 sut
606 3720 681 3761 cum
702 3719 768 3765 uuo
794 3699 904 3784 sliquo
928 3702 1064 3766 nominc
1141 3728 1148 3745 f
1179 3682 1183 3697 ’

19 3786 194 3850 coniuncto
220 3807 319 3851 unam
348 3786 533 3873 negativum
566 3785 739 3848 notionem
770 3783 942 3867 exhibent,
977 3787 1065 3852 velut

18 3892 83 3937 eon
100 3869 217 3936 deesse
234 3895 297 3960 pro
316 3871 454 3938 adesse.-
470 3868 505 3935 id
528 3868 619 3958 quod
636 3866 758 3955 placuit
773 3868 942 3935 Romanis.

125 3988 277 4059 Exempla,
298 3991 327 4044 in
343 3993 440 4062 quibus
452 4007 504 4043 non
518 3989 610 4057 egitur
624 3989 659 4040 ds
677 3987 929 4057 consilio‚.prorsus
943 4008 994 4043 non
1005 3991 1065 4063 ‘huo

83 4074 239 4142 pertinente
265 4077 353 4132 veluti
376 4077 434 4131 cic.
450 4094 477 4145 p.
498 4076 567 4145 hog.
581 4076 655 4130 Meu.
672 4073 706 4138 1,
725 4071 767 4132 lu.
797 4093 847 4130 sm
866 4077 936 4129 scios
956 4079 1066 4144 possess

575 4181 583 4193 .
679 4159 735 4222 4*
