2662 4906
435 214 443 255 l

10 438 32 557 2¹}
93 487 169 545 runt
186 477 323 558 Cicero,
345 473 483 550 Caesar,
508 474 694 541 Cornelius.
736 474 848 556 Quare
872 473 1078 542 condicitur
1096 478 1137 543 ab

10 583 42 657 ep
91 562 143 629 lris
160 562 296 651 quidem
316 560 531 647 scriptoribus
549 582 694 649 nomque
717 559 752 625 in
777 559 1010 644 occupatione,
1032 584 1140 662 neque

16 690 44 747 -p
93 650 127 717 in
141 647 420 745 interrogationec
443 645 501 711 sed
516 657 694 734 usurpatur
717 645 752 710 in
775 644 1001 731 expositione,
1027 647 1062 711 in
1083 672 1139 713 rn-

10 749 45 790 :.·
92 734 245 822 cipienda
264 733 453 799 narratione
469 734 648 819 praemisso
664 731 836 819 prologio.
860 729 894 793 in
914 733 1139 819 comproben-

10 838 28 885 ’.
80 821 134 889 ¹da
148 842 203 895 re,
226 823 260 884 in
280 816 486 906 parenthesi,
509 819 542 883 in
557 817 786 882 affirmatione.
831 814 894 879 Sed
911 816 944 879 in
960 816 1009 880 his
1028 820 1140 884 omni-

10 936 28 948 ·
91 904 157 971 bus
173 904 368 971 dictionibus
385 902 494 967 Livius
512 913 543 967 et
561 904 782 984 Quintilianus
799 911 831 962 et
847 903 1044 969 recentiores
1055 905 1141 969 scri-

10 1006 30 1047 n
92 1002 208 1079 ptores
225 988 416 1079 particulam
435 990 533 1053 etiam
549 989 690 1053 secundo
705 988 782 1052 loeo
797 999 990 1069 posuerunt.
1008 999 1039 1054 et
1056 1012 1141 1073 poe-

92 1086 145 1141 tae
170 1076 322 1140 liberiore
346 1094 405 1138 usu
422 1072 520 1137 etiam
548 1077 582 1137 in
605 1073 714 1138 media
736 1073 897 1138 oratione.
941 1072 1003 1136 vd.
1029 1075 1142 1163 Virgil.

10 1162 36 1213 ²1
92 1165 174 1227 Aen.
193 1166 250 1241 10,
271 1163 344 1223 ott.
388 1160 529 1239 Quouis
552 1159 605 1223 illa
633 1158 782 1224 nectendi
804 1157 964 1222 minuitur
985 1170 1040 1223 aut
1065 1181 1142 1225 era·
1209 1206 1212 1215 ·

10 1260 35 1296 Ι·
92 1247 207 1311 nescit.
259 1245 454 1329 Comparari
486 1257 624 1332 possunt
647 1245 772 1311 etenim
801 1254 834 1306 ct
859 1243 909 1307 sel
932 1241 997 1327 γάρ.
1049 1246 1142 1326 Quae

10 1344 49 1415 ¹1·
92 1330 291 1417 Hartungius
320 1330 435 1394 Partie.
460 1352 565 1417 graec.
596 1330 640 1394 T.
669 1338 699 1396 t.
720 1350 759 1429 p.
783 1330 857 1393 483.
885 1328 926 1390 de
956 1329 1143 1397 discrimine

10 1430 53 1479 ⁵².
91 1417 330 1505 particularum
361 1438 444 1479 nom
472 1426 504 1479 et
528 1438 673 1516 nonoque
699 1415 867 1563 disputat,
894 1413 1024 1477 subtilia
1055 1426 1143 1489 sunt,

10 1514 63 1595 ῃ,
88 1522 162 1567 non
186 1522 273 1565 vere.
323 1499 407 1563 Nam
439 1500 610 1582 locorum,
641 1524 676 1566 rn
702 1502 757 1587 qui
784 1521 821 1562 us
843 1521 927 1563 nam
956 1496 1143 1567 affirmandi
1254 1556 1258 1563 .

15 1602 40 1640 ¹·
58 1594 61 1601 '
88 1585 366 1674 significationem
385 1584 501 1665 habet,
526 1608 596 1650 non
616 1588 726 1651 minor
740 1596 790 1649 est
809 1604 977 1649 numerus.

75 1734 85 1767 -,
200 1701 306 1770 Scripti
323 1700 388 1753 libri
405 1703 454 1754 ubi
470 1711 611 1771 utramque
628 1705 758 1758 exhibent
773 1706 906 1771 formum,
924 1702 1049 1757 difficilis
1071 1720 1144 1758 sem·

74 1830 82 1851 ,
162 1793 271 1860 petest
289 1785 372 1852 optio.
407 1786 451 1837 cl.
468 1787 558 1839 Tacit.
571 1786 644 1839 llirt.
658 1787 692 1851 b,
708 1786 752 1839 4².

77 1904 82 1911 ·
198 1886 316 1959 Quintil.
330 1886 363 1950 ὃ,
379 1885 410 1951 9,
426 1887 453 1939 3.
474 1906 669 1957 quaecamque
684 1896 722 1940 ert
743 1888 871 1955 piscatio,
888 1889 917 1940 ia
940 1905 992 1956 qna
1011 1906 1061 1942 aon
1083 1907 1145 1960 pro-

157 1964 265 2030 'merten
279 1971 361 2041 possit
380 1978 483 2033 orator,
509 1971 571 2037 qnid
583 1974 685 2041 primo,
703 1973 767 2040 quid
788 1973 913 2035 secundo,
930 1974 991 2038 qnid
1012 1975 1090 2026 tertio
1111 1976 1146 2027 rit

69 2108 72 2113 .
161 2061 218 2113 loeo
228 2055 373 2115 dictores?
392 2053 491 2107 llic-eri
506 2053 587 2119 licet,
605 2054 676 2121 qnod
694 2054 872 2123 Spaldingim
886 2053 1004 2124 Regium
1019 2064 1146 2125 sequntur

33 2132 41 2148 ⁸
79 2160 85 2169 ·
161 2144 208 2198 sit.
244 2139 357 2195 Codices
381 2146 428 2194 aut
449 2138 576 2193 omittunt
596 2156 723 2209 reamque,
745 2145 794 2192 eut
815 2136 919 2192 babent
942 2157 1007 2209 quoe
1024 2148 1060 2194 eat
1081 2143 1148 2196 crin

71 2268 74 2273 .
148 2226 289 2298 ‘peculim

77 2444 83 2451 ,
175 2375 216 2443 In
244 2375 396 2440 oratione
425 2375 574 2463 prosaica
603 2373 760 2462 particula
781 2396 883 2450 nam,
912 2373 995 2455 nisi,
1030 2384 1068 2439 ut
1092 2375 1149 2438 in·
1244 2378 1247 2383 '

87 2462 355 2551 terrogationem
401 2463 583 2548 exprimat,
626 2460 806 2524 encliticam
843 2459 990 2524 formam
1032 2460 1147 2536 induit,
1234 2482 1263 2550 p,

84 2570 230 2637 semper
256 2545 383 2611 obtinet
412 2549 559 2634 primum
591 2547 822 2610 enuntiationis
854 2546 977 2609 locum.
1010 2538 1149 2612 'Poetae

90 2645 202 2699 entem
228 2641 303 2719 post
326 2633 469 2714 primum
495 2632 714 2695 sectandumve
731 2631 925 2695 vocabulum
951 2651 1022 2692 eam
1040 2630 1149 2696 locare

59 2794 63 2813 ἲ
90 2719 255 2786 solebant.
298 2717 348 2780 De
368 2740 513 2804 nomque
531 2718 715 2804 postposito
734 2718 837 2780 modo
854 2717 1008 2779 diximus.

104 2890 108 2898 ,
196 2835 466 2900 Ptaut.t1tt.t‚tt‚
485 2835 510 2887 2.
530 2854 581 2905 ego
600 2838 825 2889 namconcear'am
847 2836 932 2887 illunc.
968 2834 1011 2885 tta
1033 2832 1149 2886 codices.

24 2955 42 2967 -
97 2932 108 2975 i
159 2922 261 2975 norat.
281 2919 340 2973 Sat.
357 2920 389 2987 2,
407 2920 443 2985 8,
462 2919 505 2972 2⁰.
533 2921 595 2971 olim
616 2938 678 2972 nom
700 2937 821 2990 quaerero
840 2922 971 2972 amabam.
1004 2917 1088 2982 m,
1104 2915 1149 2970 41.

71 3058 75 3065 ,
111 3010 114 3015 ’
157 3004 296 3072 Episbb,
314 3002 423 3068 1,186.
465 3003 566 3072 ttrgtt.
581 3003 647 3057 Aen.
665 3004 700 3069 8,
719 3003 778 3058 bill.
809 3002 976 3058 cl.Bentlei.
997 3003 1032 3056 ad
1053 3004 1150 3059 iloni.

35 3135 42 3152 ,
87 3154 99 3163 ,
165 3089 226 3143 San
243 3088 279 3157 2,
300 3087 334 3153 6,
350 3086 393 3142 ²8.

10 3312 16 3321 .
86 3300 95 3335 ,-
114 3243 122 3255 ’
144 3314 153 3329 .,
178 3255 423 3342 Significatione
449 3278 506 3320 sua
531 3279 615 3321 nam
643 3255 822 3343 respondet
841 3257 1030 3342 germanico
1054 3277 1152 3321 nem⁴

10 3369 46 3425 m,
70 3416 76 3423 ,
93 3339 182 3419 liele,
204 3341 301 3405 habet
330 3363 369 3405 ue
385 3343 450 3404 vim
464 3340 671 3429 ¹designandi.
720 3341 780 3406 Vbi
796 3344 884 3406 enim
902 3364 954 3406 res
971 3341 1077 3427 aliqua
1093 3363 1151 3405 ac·

10 3431 42 3492 le
74 3426 240 3501 .·;earatius
260 3365 446 3490 deliniendi
454 3422 535 3500 est,
556 3422 698 3512 id,'i1'uo
716 3450 750 3490 ca
769 3437 915 3506 constat,
939 3438 993 3490 aut
1035 3424 1100 3490 uod
1116 3429 1152 3491 in

11 3538 42 3579 n
94 3532 264 3585 errorum
282 3521 349 3585 cst,
374 3511 424 3574 tel
441 3512 500 3574 alia
522 3534 576 3590 re,
599 3515 648 3576 rel
668 3514 779 3598 aliquo
798 3525 993 3597 argumento
1010 3451 1153 3575 ilemen-

10 3623 48 3668 =-,
79 3604 221 3663 :stratur
238 3604 335 3682 atque
350 3595 573 3660 confirmatur.
605 3598 689 3661 Sunt
705 3620 783 3662 vero
803 3599 983 3661 sententiae
999 3619 1152 3683 pernam

10 3710 44 3749 aa
95 3680 323 3769 adiungendus
339 3681 493 3768 ¹slsstllql⁵„,.
518 3683 635 3771 enegio,
653 3684 878 3768 expositionis,
901 3681 1153 3769 comprobatio-

11 3796 60 3847 s„
94 3767 174 3847 nis,
197 3748 453 3835 asseveralionis.
494 3703 712 3858 {zaoeilioqe
729 3768 958 3855 intelligimus,
982 3767 1085 3854 qualis
1110 3768 1153 3830 sit

14 3864 42 3894 ‘⁴
94 3872 171 3917 rese
199 3852 474 3945 comprobatione
498 3852 748 3939 cognoscimus,
773 3856 857 3917 unde
882 3864 913 3916 et
936 3874 1000 3941 quo
1025 3854 1153 3918 ratione

10 3944 43 4004 i·
86 3934 154 4003 -liat
170 3934 232 4002 aul
251 3932 337 4003 lacti
363 3936 683 4003 ¹sit':'''assereratione
705 3937 968 4020 demonstratur,
1001 3961 1073 4003 eam
1097 3959 1154 4001 ve-

14 4050 38 4090 o
94 4044 170 4089 rem
199 4045 280 4089 esse.
326 4020 352 4085 li
374 4024 504 4097 autem,
526 4022 582 4110 qui
602 4028 686 4087 urim
703 4021 825 4109 ubique
846 4047 906 4111 per
926 4024 1033 4102 donn,
1062 4021 1153 4109 quod

10 4136 45 4185 »s
90 4128 251 4193 ¹cerussam
277 4108 418 4194 indicat,
447 4107 600 4197 reddere⁸
626 4108 752 4194 solent,
779 4108 951 4240 immudis
976 4117 1152 4194 coguntur,
