2662 4906
222 310 266 372 26
643 303 714 373 NE.
755 302 854 370 Nau.

337 474 493 529 Pmnomon
512 466 694 543 porr'errivnm
709 473 916 543 anteaquam,
934 491 987 528 non
1010 471 1117 526 videtur
1141 471 1215 527 ratio
1236 473 1279 526 in-

293 558 437 613 tercedere
459 557 616 627 uiagnlurir.
652 559 766 614 Terent.
788 561 859 613 fluo.
883 556 1000 625 5,3,1.
1023 559 1112 628 edepol
1140 576 1173 613 ue
1195 575 1280 613 meam

293 642 371 698 iterat
383 660 438 699 etto
452 660 557 714 opetum
574 643 682 714 deputat
699 646 779 714 parui
796 645 874 714 preti·

309 781 342 843 t.
379 780 432 844 Ex
456 777 507 843 his
532 800 628 857 vero,
666 802 750 867 quos
776 767 889 860 attuli,
911 777 992 842 locis
1019 766 1205 863 colligitur,
1238 800 1281 842 ne

225 863 425 963 plerumque
440 865 591 952 usurpari
605 865 641 928 in
663 866 876 931 conclusione
898 865 960 937 ita,
986 874 1039 944 ut,
1061 862 1280 1013 graeoedente

225 949 452 1016 enuntiatione
467 949 601 1016 aauaali
619 951 668 1016 vel
683 952 897 1017 conditionali
914 950 963 1014 vel
984 971 1061 1014 roca
1088 950 1149 1014 ulis
1187 971 1279 1027 rcum,

225 1035 263 1117 εἰΙ
279 1035 466 1135 designato,
489 1034 539 1100 vel
553 1047 732 1116 eontracta,
752 1038 786 1102 in
803 1037 942 1126 apodosi
964 1046 1116 1121 ponatur.
1147 972 1279 1098 lqamen

226 1130 305 1185 eunt
320 1121 586 1209 etram.exempla
605 1144 673 1187 non
689 1145 812 1211 pauca,
834 1123 868 1187 in
885 1121 1002 1208 quibua
1017 1143 1078 1208 par
1099 1142 1135 1184 ae
1150 1128 1281 1209 constat

225 1208 386 1273 sententia
402 1207 464 1272 uim
491 1207 555 1271 lex.
591 1207 744 1273 Ceterum
761 1209 932 1273 universus
946 1227 1021 1270 neus
1041 1205 1183 1270 maxime
1200 1227 1281 1292 per-

229 1291 311 1390 tinet
341 1291 381 1356 ad
415 1231 596 1379 colloquitur
634 1317 711 1359 raro
743 1295 859 1360 mount
889 1303 1038 1357 oratores
1072 1302 1166 1358 extra
1192 1290 1279 1356 ullo-

228 1387 411 1443 ontionem.

310 1531 342 1597 6.
371 1532 492 1618 Aperta
509 1541 704 1606 antenorea,
728 1531 817 1597 unde
833 1529 958 1597 factum
982 1533 1045 1610 sit,
1065 1541 1103 1597 ut
1123 1554 1166 1595 ne
1186 1550 1279 1594 sem-

226 1635 288 1765 fer
309 1626 491 1704 poneretur
515 1616 555 1680 ab
579 1617 675 1682 initio
696 1619 931 1685 sententiarum
956 1628 988 1681 et
1010 1618 1121 1706 primo
1144 1618 1278 1703 quidem

240 1721 313 1769 ooo.
355 1701 439 1767 Nam
457 1701 617 1788 particula
638 1701 718 1767 liaeo
738 1705 853 1769 attinet
876 1702 917 1775 ad
944 1713 1049 1767 totam
1071 1704 1279 1779 sententiam,

226 1805 297 1850 non
320 1784 362 1851 ad
387 1806 489 1851 unum
513 1787 682 1872 quoddam
714 1789 924 1855 vocabulum.
970 1787 1149 1851 Turnebus
1177 1787 1279 1872 igitur

226 1874 358 1957 negavit
375 1871 564 1959 particulam
586 1894 744 1960 umquam
766 1874 866 1938 inseri
889 1894 987 1959 ponae
1012 1872 1047 1935 in
1072 1870 1179 1934 media
1200 1893 1279 1934 aan-

226 1958 345 2021 tentin:
368 1979 410 2022 ue
433 1959 498 2021 avit
523 1979 638 2022 rursus
661 1958 796 2022 Rostiue
821 1961 855 2022 in
870 1959 1008 2020 Plautia.
1035 1955 1162 2041 Cuped.
1184 1955 1278 2019 Fero.

174 2083 176 2088 ·
228 2042 279 2107 14.
295 2065 328 2130 p.
345 2045 375 2107 4.
411 1981 483 2106 gSed
507 2043 725 2108 nihilominus
757 2043 923 2133 praemitti
948 2052 1054 2129 potest
1079 2041 1139 2106 alia
1175 2042 1279 2128 parti·

226 2125 318 2207 cula,
342 2125 440 2191 veluti
455 2128 542 2214 apud
560 2127 755 2192 Terentium
772 2129 887 2192 Heaut.
909 2131 940 2207 5,
959 2130 1057 2206 1,45.
1078 2137 1116 2191 at
1132 2150 1174 2191 ne
1190 2125 1280 2191 illud

226 2211 323 2276 hatrat
343 2210 508 2284 inultum,
529 2211 562 2275 ai
583 2213 672 2289 vivo,
685 2208 816 2299 ferent.
859 2213 960 2276 Plaut.
981 2213 1077 2276 Cure.
1103 2218 1139 2289 1,
1161 2217 1200 2291 3,
1223 2215 1279 2276 88.

225 2296 269 2362 Et
285 2318 472 2386 pronomen
489 2296 585 2361 etiarn
606 2297 786 2446 praecedit.
830 2297 931 2363 Plaut.
945 2297 976 2361 T
979 2298 1098 2362 rinum.
1121 2302 1160 2374 3,
1185 2302 1222 2370 2,
1247 2300 1280 2361 8.

226 2401 284 2447 ιγ.
326 2381 461 2469 Egone.
503 2399 559 2445 LE.
635 2404 726 2446 nne.
771 2382 868 2447 Cure.
895 2391 931 2461 1,
953 2387 991 2463 2,
1015 2385 1068 2446 tu.
1112 2382 1165 2447 sia
1189 2382 1280 2469 apud

229 2466 415 2543 Catullum,
440 2465 503 2529 nisi
526 2474 672 2531 veterum
695 2468 856 2535 librorum
876 2469 1075 2554 scripturam
1098 2476 1281 2548 mutemus,

226 2551 365 2637 intelligi
380 2550 477 2616 dubet
491 2562 586 2617 extra
601 2554 892 2639 interrogationem
910 2558 1024 2631 aaut.
1040 2550 1109 2640 ¹ego
1126 2551 1282 2617 aeduum

227 2637 390 2702 ministra
412 2647 446 2702 et
469 2634 605 2724 Cybeles
629 2639 773 2729 sumnia
784 2636 905 2728 ferar:
937 2660 1003 2725 quo
1031 2639 1077 2703 vis
1100 2640 1281 2705 sententiae

226 2721 321 2788 nullo
342 2733 438 2811 puoto
460 2721 662 2810 infringitur.
704 2723 743 2788 ln
767 2726 872 2790 media
895 2747 973 2789 vero
997 2725 1147 2789 oratione
1171 2725 1282 2811 parti-

229 2807 302 2872 cula
335 2831 403 2873 non
429 2819 540 2896 potest
567 2811 666 2896 poni,
693 2811 821 2875 etiamsi
854 2810 1025 2876 Paldamuu
1055 2809 1095 2874 ad
1129 2809 1281 2896 Propert.

228 2915 263 2980 p.
286 2913 346 2959 xn.
366 2893 470 2960 Praef.
490 2895 533 2959 ita
547 2896 669 2961 statuit.
710 2896 818 2960 Etiam
836 2896 870 2960 in
891 2896 1032 2984 apodoai
1053 2895 1201 2982 primum
1224 2896 1282 2960 lo·

206 2995 302 3044 'cum
327 2981 470 3059 obtinet,
492 2982 669 3069 praemissa
695 2980 854 3046 sententia
877 2980 1101 3046 conditionali.
1143 2980 1281 3046 Plautus

225 3065 262 3130 in
283 3066 412 3131 duobus
427 3066 509 3132 locis
525 3067 706 3155 praemittit
721 3066 980 3132 enuntiationem
997 3067 1177 3132 relativam.
1221 3103 1223 3106 >

340 3184 451 3239 Terent.
466 3186 551 3238 Andr.
565 3185 639 3239 Prol.
656 3185 699 3238 lt.
718 3188 824 3253 socium
838 3205 871 3241 ne
893 3189 1074 3257 intelligendo,
1096 3193 1125 3238 ut
1147 3184 1214 3236 attat
1235 3183 1281 3235 irr-

294 3269 426 3338 teltiguut.
461 3272 509 3324 nbi
535 3271 698 3339 interpreter
721 3272 827 3341 antiqui
852 3271 908 3326 ium
929 3271 1094 3325 dubitarunt.
1136 3268 1281 3321 Bentleinu

295 3353 453 3408 encliticam
476 3375 508 3409 ue
528 3373 561 3409 eu
583 3353 710 3425 agnovit,
735 3356 806 3424 quod
828 3354 857 3408 in
878 3355 949 3410 theri
971 3357 1089 3425 positum
1113 3361 1164 3408 ert.
1204 3353 1281 3406 Illud

293 3441 385 3492 nmen
398 3439 496 3509 nugari
508 3456 561 3493 non
579 3439 689 3508 poturit,
704 3439 865 3494 affirmando
882 3439 984 3493 intendi
999 3439 1170 3494 sententiam.
1198 3437 1280 3508 Apud

227 3534 234 3557 t
295 3519 406 3574 Livium
421 3523 464 3587 30,
479 3522 522 3588 lt,
537 3523 564 3576 1.
587 3525 658 3593 quod
672 3522 913 3579 Rhenanuu'flaxit
926 3543 975 3589 ue,
994 3524 1152 3578 iamdudum
1173 3539 1191 3576 a
1206 3524 1281 3577 Gru-

295 3604 385 3660 vierio
401 3607 517 3670 eiectum
533 3616 584 3664 eut.
617 3608 708 3662 Pluut.
723 3610 822 3678 Amph.
842 3611 868 3674 1,
885 3610 911 3674 1,
923 3608 985 3662 228.
1001 3627 1063 3685 uum
1079 3609 1281 3679 Amphitruoni·

296 3692 392 3743 uarium
402 3709 434 3744 ae
449 3710 490 3745 ine
502 3711 553 3746 aare
565 3694 739 3748 naturatum.
776 3697 880 3748 Omne·
891 3694 981 3747 critim
990 3692 1118 3747 viderunt
1132 3693 1203 3747 haee
1218 3711 1281 3748 erue

293 3774 373 3827 lolia.
405 3776 550 3846 Ingeniosa
565 3777 740 3831 cnmarartaa
756 3778 873 3832 coniecit
883 3780 1039 3831 uenientium.

332 3875 456 3945 Propert.
471 3879 496 3944 1,
510 3877 555 3944 lo,
570 3877 613 3933 29.
630 3889 704 3934 mutu
717 3882 790 3951 priua
805 3889 876 3935 ouuto
891 3882 1011 3934 labentur
1023 3881 1138 3949 flamina
1151 3888 1231 3950 panto
1244 3910 1281 3921 -

296 3978 374 4029 quom
386 3965 452 4016 milri
462 3977 497 4016 ne
512 3965 575 4017 aileu
588 3966 632 4018 iuti
651 3967 791 4019 uideuatur
805 3966 894 4030 omiti,
912 3983 1033 4035 perquer
1048 3983 1126 4035 raupa
1140 3966 1206 4018 milri
1221 3983 1281 4019 ere-

298 4045 356 4098 atta
375 4049 489 4116 perfidio
510 4055 557 4101 eut.
591 4048 727 4115 Poenino,
752 4049 900 4103 Pultlamnu
918 4056 961 4113 et,
984 4058 1014 4103 ut
1034 4048 1158 4115 videtur,
1185 4049 1280 4103 lauch-

298 4146 413 4188 manant
432 4148 465 4186 ne
483 4129 543 4185 rivo
566 4151 615 4186 aue
628 4131 826 4195 affirmativum
846 4151 907 4189 aare
928 4131 1128 4190 exiutimnrnnt·
1167 4134 1204 4190 tta
1225 4151 1281 4189 non
