2662 4906
486 282 585 354 usc.
624 278 789 367 usovn.
853 252 856 257 ’
1105 287 1166 351 iri

199 458 253 522 20.
277 457 329 523 Ex
352 475 418 542 qno
443 436 645 521 Tlromasius
664 454 698 518 in
720 452 902 519 Tursellini
924 453 1010 517 libro
1034 456 1166 520 monuit

128 563 178 604 ree
196 565 299 620 notra
320 543 487 606 latinitatis
503 540 694 607 auctoribus
717 542 760 603 its
787 540 910 604 dictum
925 562 1012 612 esse,
1036 551 1073 602 ut
1094 565 1165 605 non

128 624 296 692 elerretur
314 627 353 690 ad
374 627 509 692 verbum
529 626 657 692 aliudve
672 647 815 706 nomen,
835 647 942 774 nerpuo
957 625 1163 711 elegantiam,

128 733 202 796 puae
218 714 306 777 nulla
320 724 422 796 esset,
447 712 664 799 quaerendam
684 733 753 775 esse
768 713 802 775 in
825 710 891 799 dup
905 713 986 776 icuta
1011 713 1164 798 negatio-

128 821 175 877 re,
214 800 267 863 alii
298 798 393 862 inulti
425 800 640 873 exstiterunt,
674 800 729 882 qrri
754 798 931 876 docerent,
965 797 1162 861 Ciceronem

128 883 262 970 iliosque
279 886 457 970 scriptores
472 884 581 948 bonos
600 885 742 947 omnino
758 883 951 947 abstinuisse
971 884 1010 946 ab
1029 882 1090 947 hac
1109 883 1161 946 di·

128 970 237 1034 itione.
281 973 386 1055 Atque
404 972 554 1036 Ciceroni
576 991 645 1033 non
664 969 823 1056 placuisse
845 967 971 1032 ridetur
986 967 1065 1033 haec
1087 967 1161 1032 for-

128 1077 188 1126 na,
215 1077 281 1141 qua
300 1054 423 1141 duplex
440 1057 567 1142 negatio
584 1076 649 1141 pro
666 1066 698 1118 et
721 1065 921 1139 poneretur,
941 1053 998 1117 sed
1016 1077 1077 1118 nec
1090 1076 1160 1118 stoa

128 1140 198 1204 lixit
222 1162 290 1204 uno
314 1141 502 1227 pluribusve
526 1139 689 1205 uocabulis
716 1140 936 1225 interpositis,
967 1149 1005 1201 ut
1030 1141 1159 1226 negatio

128 1224 240 1289 ¹acilius
265 1239 376 1311 posset
399 1225 439 1290 ad
467 1226 613 1291 verbum.
651 1225 820 1289 rimarium
845 1224 983 1296 referri,
1016 1247 1161 1312 quocum

128 1313 336 1397 :ompositurn
363 1312 520 1377 maiorem
549 1246 719 1377 exhiieret
741 1307 1007 1375 affirmationem.
1056 1311 1160 1398 ldque

128 1398 280 1460 rorrnullis
298 1400 331 1461 in
343 1393 424 1461 locis
445 1394 582 1463 artificio
599 1396 743 1482 quodam
758 1406 806 1460 est
819 1404 1065 1481 consequutus:
1089 1397 1158 1461 rel·

128 1484 159 1544 ui
184 1481 225 1545 de
254 1481 346 1544 Orat.
374 1491 403 1558 1,
422 1484 471 1554 tt,
492 1487 545 1546 62.
583 1505 662 1550 nec.
697 1483 728 1544 si
751 1481 829 1545 lmic
852 1481 897 1544 M.
919 1483 1073 1546 Antonio
1091 1504 1158 1566 pro

128 1563 460 1712 'lermodorosuisset
478 1565 520 1630 de
535 1566 709 1631 nacoliam
732 1589 832 1652 opere
854 1565 1055 1641 dicendum,
1077 1590 1159 1646 nori,

128 1674 216 1713 utum
233 1648 276 1715 ab
300 1649 361 1712 ilo
779 1653 786 1665 '

128 1761 157 1796 eo
183 1732 334 1820 artificio
354 1736 549 1822 copioseque
569 1734 721 1800 dixisset.
763 1737 827 1800 Vbi
853 1739 953 1820 igitur
976 1759 1080 1825 neque
1103 1747 1157 1801 at-

128 1822 239 1904 ingere
256 1819 382 1882 ridetur
395 1843 483 1901 non,
509 1821 573 1883 hoe
591 1820 705 1885 maiori
727 1840 801 1883 cum
822 1823 851 1885 vi
870 1824 1010 1918 pertinet
1024 1823 1065 1888 ad
1080 1844 1157 1888 rer-

128 1928 203 1968 um.
248 1903 311 1966 Sed
335 1914 463 1966 tanturn
488 1905 670 1993 abluit,th
695 1905 845 1969 Ciceroni
868 1906 1053 1992 incognitus
1066 1919 1156 1973 esset

128 1991 165 2053 lle
184 2011 278 2067 usus,
303 2000 339 2051 ut
355 1990 493 2053 consilio
515 1991 556 2054 ab
581 2012 620 2054 eo
643 1990 834 2075 repudiatus
855 1991 1029 2056 rideretur.
1070 1993 1156 2058 Nam

128 2076 193 2138 lixit
213 2097 316 2160 neque
330 2098 398 2137 non
414 2086 541 2138 tamen.
586 2073 649 2140 Sed
672 2077 832 2139 idoneum
854 2087 1023 2140 auctorem
1044 2099 1158 2163 gram-

128 2161 221 2225 uatici
245 2157 387 2224 afferunt
408 2159 611 2230 Varronem,
636 2162 692 2244 qui
715 2163 843 2240 saepius
860 2183 924 2225 nee
948 2181 1016 2225 noa
1034 2184 1098 2242 pro
1124 2174 1157 2228 et
1206 2224 1214 2239 ,

131 2246 326 2331 surpaverit.
369 2244 426 2307 llle
443 2243 578 2309 enimin
599 2244 691 2308 libris
708 2244 748 2308 de
763 2245 811 2309 Re
832 2242 954 2310 rustica
978 2245 1061 2310 nihil
1083 2245 1158 2313 fre·
1210 2242 1214 2249 ’

134 2333 263 2395 uentius
285 2329 428 2416 scripsit:
450 2331 484 2394 in
509 2329 599 2393 libris
623 2330 662 2392 de
683 2329 806 2415 Lingua
833 2328 931 2396 latina
954 2353 1155 2418 numquam:
1178 2326 1184 2337 ’

129 2417 195 2481 nde
221 2416 366 2502 suspicio
392 2413 561 2479 suboritur
595 2414 635 2478 de
665 2414 790 2479 diversa
821 2413 956 2479 illorum
988 2417 1156 2485 librorum

132 2504 248 2588 rigine.
292 2502 408 2566 Poetse
425 2502 525 2586 igitur
544 2500 705 2587 temporis
722 2501 866 2588 augustei
889 2511 985 2574 sunt,
1009 2524 1154 2588 quorum

129 2613 139 2651 1
157 2586 358 2651 carminibus
378 2598 467 2651 certa
481 2585 577 2650 huius
602 2585 750 2650 dictionis
771 2596 930 2672 apparent
946 2586 1155 2672 documento,
1235 2594 1239 2601 '

383 1673 540 1714 corissum
557 1650 752 1726 didicisset,
772 1675 844 1735 ipse
857 1663 978 1716 ornate
1002 1651 1044 1716 de
1067 1652 1158 1716 alie-
1243 1661 1248 1669 ‘

128 2694 229 2757 osque
243 2672 360 2738 imitati
378 2683 454 2735 sunt
476 2671 670 2754 posterioris
687 2673 797 2736 aetatis
819 2671 1005 2758 scriptores.
1047 2670 1153 2740 Iidem
1262 2674 1271 2685 ”

128 2760 303 2821 ddiderunt
329 2757 410 2822 adco
436 2758 563 2841 etiam,
592 2768 644 2841 et,
674 2766 713 2820 ut
741 2766 826 2822 esset
853 2780 915 2821 nec
944 2781 1012 2822 non
1035 2759 1153 2845 etium,

131 2867 166 2909 ec
185 2867 255 2910 nort
270 2855 311 2907 et.

221 2997 279 3051 cic.
308 3016 334 3065 p.
357 3000 437 3052 Rosci
463 2999 524 3053 tm.
549 2995 592 3062 15,
615 2988 658 3051 45.
691 3015 772 3067 neque
804 2999 868 3051 leues
895 3003 925 3051 tu
944 3013 997 3051 ssu
1021 2996 1155 3066 intelligis.
1246 3037 1253 3051 .

173 3101 201 3151 p.
214 3083 275 3135 trit.
290 3082 333 3146 32,
348 3083 389 3135 86.
408 3095 455 3138 nee
470 3101 526 3137 sero
541 3100 594 3134 nou
610 3083 698 3136 eadem
710 3084 752 3135 iro
767 3083 872 3135 deorum
881 3082 951 3134 hooc
967 3083 1022 3135 eius
1034 3082 1156 3135 satelliti·

172 3170 220 3220 bue
242 3168 329 3219 iniecit
351 3171 504 3233 amendam,
528 3174 558 3219 ut
580 3173 630 3219 ete.
664 3167 698 3218 de
717 3166 778 3219 ute.
793 3167 820 3230 2,
834 3166 878 3231 ὅθ,
897 3166 939 3219 tl.
957 3184 1004 3218 nee
1023 3184 1082 3218 ocra
1102 3183 1152 3219 non

171 3252 242 3302 omni
264 3253 390 3320 supplicio
412 3253 489 3322 digni
513 3253 542 3304 P.
567 3253 694 3305 Claudius
714 3252 745 3304 l..
760 3253 851 3305 lanius
872 3252 993 3304 conrates.
1026 3251 1109 3303 Tusc.
1124 3249 1151 3316 4,

169 3335 198 3398 2,
212 3333 239 3386 4.
256 3335 283 3388 ln
300 3335 381 3387 Catil.
395 3332 503 3401 4‚2,³.
521 3353 567 3388 aee
582 3343 671 3388 tomen
687 3352 737 3406 ego
752 3348 809 3390 suot
831 3338 876 3389 uu
891 3339 1010 3403 serrem,
1028 3338 1073 3404 με·
1089 3338 1153 3402 sra-

172 3422 223 3472 trir
238 3421 365 3472 carissimi
382 3447 415 3457 -
432 3437 545 3473 mamre
568 3436 618 3470 noo
642 3430 746 3472 mmor
765 3440 815 3473 -s
839 3437 919 3488 neque
938 3421 1031 3473 eneam‘
1044 3429 1152 3472 mertem

172 3523 226 3557 non
241 3507 342 3557 domum
357 3521 435 3571 saepe
455 3509 556 3556 reuocet
578 3504 728 3557 aenimate
745 3518 816 3558 neor.
851 3506 936 3557 Tusc.
949 3503 976 3568 2,
991 3504 1017 3570 l,
1035 3504 1060 3556 1.
1093 3503 1152 3557 All·
1189 3527 1193 3533 ·

171 3598 304 3657 qnantum
325 3589 459 3641 dillernrrt
481 3588 565 3641 usse:
593 3587 626 3637 ele
642 3587 702 3639 Fir.
717 3589 744 3652 2,
760 3588 787 3653 5,
800 3586 843 3642 1⁵.
863 3590 991 3659 Epicurus
1012 3597 1097 3643 autent
1114 3611 1149 3631 ⁸·-

170 3692 217 3725 nec
232 3692 282 3725 non
298 3675 368 3737 salt,
386 3675 410 3725 si
427 3673 524 3741 possit,
540 3673 620 3742 plane
636 3679 660 3723 et
681 3681 766 3740 operte
781 3674 864 3742 toqui,
881 3692 927 3725 use
944 3676 976 3725 ds
989 3691 1018 3725 re
1033 3676 1149 3728 obscura.

171 3758 221 3809 ubi
237 3755 369 3809 mirabilis
389 3764 476 3810 exstet
497 3752 644 3808 Goerenzii
658 3762 731 3810 note.
765 3759 867 3810 Brutus
878 3752 913 3810 sd
928 3753 985 3811 cte.
1000 3756 1087 3828 Epist.
1104 3760 1149 3827 11,

168 3838 212 3905 20,
231 3839 257 3892 4.
277 3859 356 3909 neque
370 3850 456 3895 tameo
470 3860 521 3893 nort
536 3849 561 3896 te
578 3850 680 3896 cautum
697 3858 748 3894 esre
762 3842 826 3894 colo.

217 3943 298 3995 Ortd.
313 3943 396 3998 Trist.
409 3941 436 4007 4,
453 3943 495 4008 lu,
512 3937 537 3994 5.
554 3945 638 3997 editus
654 3940 696 3996 tte
709 3955 760 4016 ego
773 3954 839 4009 cuer,
856 3962 901 3998 aec
913 3962 973 4011 aaa,
984 3953 1014 4000 ut
1030 3954 1149 4017 tempera

169 4027 254 4092 noris,
273 4046 351 4096 quam
374 4026 464 4081 cecidit
478 4031 543 4094 sato
568 4028 654 4082 consul
674 4037 781 4098 aterque
797 4029 869 4099 pari.
901 4029 970 4083 Her.
984 4030 1011 4096 4,
1024 4029 1067 4084 69.
1084 4040 1147 4084 rasa
1220 4080 1223 4085 ,

169 4112 235 4166 rnilti
245 4114 400 4184 praecipue,
417 4129 461 4168 uec
475 4130 523 4172 nott
540 4119 627 4172 wesen
641 4123 718 4184 aare,
732 4114 862 4187 plautas.
893 4114 961 4172 tier.
977 4112 1004 4182 4,
1019 4112 1079 4170 tlt.
1096 4116 1147 4170 ssi-
