2662 4906
512 290 613 359 Nnc,
653 288 817 374 NEQVE.
933 340 938 349 -
1104 232 1107 237 ·
1133 302 1194 366 tes

208 463 271 517 Pin.
287 463 314 530 1,
329 461 356 529 i,
371 460 414 518 28.
440 463 481 516 ito
498 479 605 534 pronae
624 461 758 527 1111111111,
774 479 856 529 reque
876 478 934 519 eust
959 463 1133 533 Torquatum,
1151 469 1197 537 qai

209 552 260 602 doe
277 551 378 616 primae
393 566 534 619 cognomen
549 547 664 613 inuenit,
686 554 735 600 out
755 555 868 620 11111111
882 548 956 599 illurn
971 548 1196 616 tortiora-ortae,

210 645 244 689 ut
260 637 377 704 aliperao
397 650 427 685 er
440 650 468 685 eo
480 631 624 702 perciperet
644 633 939 700 oolaptotrrneorpore,
958 639 1005 691 sat
1017 651 1074 687 earn
1092 635 1198 689 Latinio

208 721 286 773 tertio
315 717 451 771 consolata
471 715 619 783 amantes
642 716 716 785 opud
747 715 856 767 Veserim
892 724 999 784 proptor
1025 719 1198 788 uoluptatem.

218 805 294 869 Quod
309 819 370 856 oero
385 801 468 854 secari
479 801 730 869 percusseritfitiera
746 807 798 852 eto.
835 799 923 865 Quid?
951 801 981 852 Τ.
1004 802 1150 870 Torquatus
1164 805 1197 869 ir,

213 889 260 956 qai
277 886 365 938 coarat
386 903 445 937 eom
461 886 507 937 Co.
535 885 644 936 Octauio
661 886 720 952 suit
746 890 800 936 eto.
834 884 958 953 Pergere
979 885 1097 941 debebat
1116 905 1198 957 neque

217 973 363 1040 Torquatus
378 971 417 1034 ir,
444 971 504 1037 qni,
525 970 573 1022 sed
595 968 766 1039 interpositio
787 968 881 1021 uerbis
903 971 1020 1024 mutarit
1040 960 1199 1024 oradonem,

217 1054 312 1123 Quid?
332 1055 362 1106 Τ.
382 1054 528 1122 Torquatus
546 1055 584 1118 ir,
603 1064 656 1108 ete.
691 1053 838 1108 Goerenzii
862 1054 970 1124 opinio,
989 1072 1042 1124 qua
1055 1075 1134 1126 nepae
1147 1073 1197 1124 pro

213 1156 248 1191 aa
273 1138 375 1208 paidom
392 1136 563 1206 accipiatur,
580 1156 632 1192 noa
656 1156 710 1192 ono
732 1139 843 1192 nomiae
862 1149 904 1193 eet
920 1140 1114 1208 improbanda:
1133 1159 1199 1195 nam

215 1224 349 1277 obhorret
373 1223 409 1275 ab
434 1221 495 1290 ipsa
519 1222 660 1277 Ciceronis
678 1222 821 1277 sententia.
856 1225 899 1277 ct.
925 1226 1062 1279 Matthiae
1080 1226 1198 1280 Miscell.

214 1309 288 1371 lt‚t.
305 1325 331 1375 p.
348 1305 393 1364 118.
411 1314 440 1360 et
455 1309 582 1362 ottonem
599 1309 633 1361 ed
651 1309 716 1362 inl.
748 1309 778 1362 la
796 1309 924 1362 eamdem
943 1310 1055 1362 modam
1071 1310 1199 1365 ittotaiaa
1223 1376 1226 1383 ¹

214 1393 356 1446 vindicare
375 1402 487 1447 conatae
510 1403 552 1448 eet
570 1393 704 1447 librorum
719 1394 891 1465 antiquorum
912 1393 1077 1464 scriptoram
1093 1394 1122 1449 ia
1141 1395 1200 1451 cio.

217 1479 253 1532 do
271 1479 332 1532 Am.
343 1476 389 1544 2⁰,
406 1477 451 1532 13.

241 1651 291 1711 tt.
320 1644 480 1734 Negatio,
503 1667 586 1732 quae
604 1667 665 1732 per
682 1666 742 1709 neo
760 1646 977 1731 exprimitur,
1001 1648 1034 1712 in
1059 1647 1198 1723 alterans

153 1741 288 1819 portem
305 1732 486 1796 sententiae
501 1731 627 1795 traduci
643 1739 751 1818 potest
778 1752 838 1819 per
859 1733 1068 1808 disiuautivas
1094 1735 1200 1823 porti-

153 1817 244 1880 culas
269 1838 325 1896 oe,
351 1815 422 1895 uel,
452 1827 533 1890 aret.
558 1838 642 1903 (puae
664 1819 730 1879 virn
754 1818 891 1902 negandi
916 1829 1092 1906 praestant.
1135 1818 1201 1884 Sed

152 1902 360 1993 grammatici
376 1900 510 1987 quidam
529 1903 719 1967 observasse
735 1901 800 1965 sibi'
816 1902 963 1967 visisunt
981 1905 1096 1969 eodem
1122 1927 1201 1969 mo-

154 1988 199 2050 do
218 1989 413 2074 etiamque,
439 1998 491 2062 et,
516 2011 560 2052 ao
575 1988 667 2077 poni.
711 1985 762 2051 De
785 2008 849 2073 qao
873 1989 1029 2076 opinione
1052 1990 1202 2075 disputo-

154 2075 263 2138 vimus
283 2071 327 2135 Τ.
347 2070 388 2136 11.
412 2093 447 2157 p.
464 2075 539 2137 537.
587 2072 684 2136 Nune
711 2067 850 2136 offeram
877 2073 988 2138 locam
1013 2075 1203 2159 ambiguam

154 2159 266 2234 Fieri,
290 2158 323 2221 in
340 2177 406 2243 quo
424 2167 457 2221 et
475 2179 537 2245 pro
554 2179 617 2221 neo
632 2156 780 2244 positum
798 2180 868 2222 esse
888 2158 1015 2223 videtur
1039 2165 1134 2241 1,16,
1154 2166 1204 2225 11.

155 2245 211 2309 laic
235 2243 342 2307 armis
374 2253 489 2307 exortos
512 2243 649 2308 mittero
673 2238 734 2304 oreb
756 2241 875 2330 iugum
902 2245 1044 2315 maletit.
1077 2256 1113 2309 nt
1143 2267 1205 2310 neo

157 2325 392 2418 omioiforent
410 2324 589 2414 beneficio,
611 2339 644 2392 et
658 2338 735 2412 post
743 2326 931 2415 flagitium
947 2330 1058 2394 hostes
1079 2331 1206 2419 magio.

156 2416 341 2481 Herennius
363 2425 458 2502 pater
485 2415 573 2479 enim
598 2422 759 2487 suaserat,
790 2434 906 2476 omnes
931 2416 1048 2500 captivi
1075 2425 1129 2479 aut
1154 2416 1207 2481 di·

157 2504 387 2581 mitterentur‚
418 2509 455 2563 ut
479 2498 639 2564 beneficio
662 2496 774 2562 forent
796 2498 911 2576 amici,
933 2509 989 2563 out
1013 2501 1206 2566 occideren-

158 2598 232 2664 tur,
257 2597 294 2651 ut
313 2585 425 2650 hostes
448 2586 654 2650 tollerentur.
705 2583 760 2647 Sio
785 2583 894 2647 livius
913 2589 945 2658 a,
960 2592 990 2664 3,
1009 2591 1060 2650 12.
1082 2596 1206 2655 narrat.

159 2672 372 2751 Contrarium
397 2672 514 2736 moluit
537 2671 622 2735 filias
645 2670 799 2735 Herennii
829 2671 953 2745 Pontii,
976 2671 1065 2760 quod
1090 2671 1206 2737 Florus

159 2760 204 2823 111
219 2759 391 2846 exposuit,
416 2761 498 2822 utin
518 2757 619 2821 altero
637 2764 831 2842 argumento
849 2758 979 2842 nogotio
1005 2756 1079 2820 addi
1104 2756 1207 2821 debe-

158 2854 223 2909 ret.
269 2847 309 2907 st
338 2841 451 2906 Floras
474 2866 544 2907 non
569 2843 716 2928 loquitur
741 2862 781 2904 ex
806 2844 966 2906 sententia
992 2842 1120 2921 Pontii,
1150 2839 1209 2907 sed

161 2930 203 2994 de
214 2949 275 2992 suo
295 2927 415 2992 iudicio
433 2928 541 2993 addit:
565 2926 689 2993 laetum
708 2947 789 3002 essa,
810 2937 844 2990 ut.
864 2927 1003 2991 Romani
1018 2949 1088 2991 non
1104 2937 1210 2992 111111

162 3014 259 3079 omisi
285 3011 461 3087 beneficio,
483 3014 539 3079 sed
567 3022 642 3100 post
665 3012 825 3096 flagitium
849 3011 963 3076 hostes
989 3014 1095 3098 magis
1121 3013 1211 3077 exsi-

162 3110 300 3164 sterent.
343 3099 435 3164 Alter
453 3101 542 3165 locus
559 3111 606 3163 est
622 3098 819 3180 Quintiliani
845 3105 895 3176 12,
910 3104 941 3171 6,
957 3104 987 3163 2.
1003 3099 1124 3162 oreadas
1141 3097 1211 3162 mi-

162 3187 201 3250 ]ιὶ
219 3184 351 3250 videtur
367 3184 508 3272 quidum
523 3187 709 3272 tenendus,
731 3195 887 3271 artaeque
898 3206 1134 3271 praepropere
1149 3182 1229 3248 tle-‘-

162 3271 361 3359 stringatur
381 3272 567 3337 irnmuturu
575 3271 695 3362 frons,
719 3281 751 3334 et
770 3270 934 3355 qeridqaid
957 3283 1005 3334 est
1034 3268 1122 3335 illud
1143 3267 1213 3335 ad-

163 3360 230 3421 lato
246 3355 405 3421 acerbam
448 3355 632 3440 referatur.
675 3353 732 3419 ubi
748 3354 969 3423 Buttmannns
986 3360 1213 3422 nenessitatem

166 3442 407 3513 emendationis
419 3380 520 3530 limga
535 3441 744 3530 expositione
761 3440 1011 3507 demonstravit.
1037 3442 1100 3506 Sed
1120 3452 1213 3528 post-

163 3529 229 3595 hae
250 3528 346 3592 huius
364 3529 486 3592 erroris
502 3531 609 3615 ipsum
628 3526 801 3614 poenituitt
843 3528 1019 3614 Zumptias
1043 3531 1131 3601 enim
1157 3527 1213 3592 be·

165 3637 211 3679 ne
239 3615 410 3700 perspexit
436 3618 596 3694 drautionis
624 3634 692 3676 non
723 3611 889 3679 absolutae
919 3637 1076 3679 caussam.
1133 3613 1215 3678 Vide

168 3723 245 3767 eum
263 3698 294 3762 T
297 3722 364 3762 om.
383 3701 414 3764 5.
433 3723 466 3786 p.
484 3701 557 3764 ets.
600 3698 752 3764 Tertium
771 3698 880 3765 lootrm
900 3700 1033 3787 praebet
1057 3699 1165 3763 Liuias
1183 3699 1216 3779 4,

167 3791 223 3864 29,
242 3790 272 3849 6.
295 3809 355 3848 uec
370 3783 450 3850 tileo
466 3785 623 3873 credere3
649 3795 681 3849 st
698 3783 776 3846 ticet
799 3786 836 3847 in
859 3786 962 3850 variis
987 3783 1215 3873 opinionibus.

169 3877 266 3952 Quae
280 3871 575 3951 Drakenlsorohias
595 3869 741 3958 protulit,
762 3881 796 3933 ut
820 3872 1055 3959 comprobaret
1075 3894 1136 3936 neo
1153 3892 1216 3957 pro

170 3969 205 4024 et
231 3980 300 4021 non
327 3961 429 4045 poni,
463 3957 635 4022 dissimilia
667 3965 762 4019 erant
795 3966 892 4040 atque
923 3958 1065 4022 absona:
1103 3966 1216 4018 tamon

172 4044 272 4108 etiam
289 4042 492 4107 Battmonno
512 4041 689 4131 persuasit,
711 4050 747 4104 ut
770 4042 801 4104 in
828 4042 907 4106 licet
933 4044 1125 4126 intelligeret
1148 4062 1218 4103 noro

173 4128 322 4194 credere.
365 4130 465 4209 Quod
481 4150 547 4193 non
565 4137 678 4217 potest
693 4126 840 4216 intelligi.
883 4128 948 4193 Sed
976 4125 1219 4215 interpunctio-
