2662 4906
486 266 630 337 1110-
648 266 836 348 QVIDEM.
1128 269 1189 335 tta

138 463 190 507 re:
216 438 298 503 illud
317 458 387 501 esse
403 437 498 501 niclrt
513 435 662 507 einmul.
686 436 750 501 b'oc
768 436 841 500 und
865 457 960 500 swar
982 436 1094 506 niolae.
1117 437 1190 501 1111

138 547 236 590 swar
265 523 354 588 orioli
380 523 484 597 nicht.
527 521 1189 605 111110110111111110111Τ1111.
1251 568 1256 581 .

138 613 224 675 Hist.
245 612 338 689 1,66.
357 618 389 671 et
404 613 491 672 Ann.
506 609 538 690 1,
553 611 624 674 85.:
646 631 708 673 nec
729 600 867 695 quidem
889 630 958 672 esse
983 608 1072 671 ancli
1094 609 1190 672 uiolet

139 695 290 771 einmol,
322 702 354 756 et
377 695 506 778 gravius
529 716 648 782 negare
671 702 769 780 quam
792 690 1053 781 rte—quidem.
1099 695 1190 757 Goe-

139 783 272 848 reuaius
290 778 330 842 ad
346 778 415 842 Cic.
433 780 530 843 dead.
549 788 580 844 2.
599 802 631 867 p.
646 785 715 843 152.
734 779 954 844 diversitatem
970 778 1113 865 ognovit,
1131 779 1190 844 sed

141 868 279 957 paridem
294 887 365 930 esse
384 864 467 928 dixit
482 888 585 930 sane.-
607 864 696 953 quod
711 864 856 930 alienum
872 875 933 930 est.

225 1018 427 1102 Principium
454 1017 652 1104 quaestionis
675 1016 710 1080 in
734 1017 947 1102 sepositum
974 1016 1122 1096 videtur,
1151 1026 1190 1081 ut

143 1102 393 1180 demonstretur
418 1126 543 1168 nec-
570 1102 707 1188 quidem
740 1112 829 1166 recte
854 1103 917 1167 dici
942 1114 1005 1191 pro
1029 1115 1062 1167 et
1082 1122 1124 1168 ne
1146 1119 1190 1152 ὲ-

143 1187 303 1275 quidemr
333 1189 423 1276 qaod
448 1210 529 1252 unus
548 1187 732 1252 Beneckius
755 1189 794 1251 ad
820 1185 935 1252 lustin.
958 1211 993 1275 p.
1020 1193 1092 1252 120.
1118 1186 1192 1252 for·

143 1276 220 1338 titer
244 1279 377 1363 negavit
405 1286 503 1361 atque
525 1296 587 1338 nec
621 1295 683 1361 pro
697 1283 741 1351 ‚et
763 1296 851 1348 non,
876 1274 985 1337 etium
999 1294 1075 1339 stou
1097 1275 1193 1361 posi·

144 1360 216 1423 tum
244 1360 383 1447 censuit.
434 1358 550 1444 Qualis
576 1370 654 1425 vero
684 1355 765 1421 fides
790 1359 847 1438 iis,
878 1380 960 1445 quae
984 1356 1193 1444 abantiquis

143 1445 239 1510 libris
273 1450 465 1521 narrantur,
511 1443 658 1509 habenda
692 1444 751 1525 sit,
790 1443 958 1509 luculento
989 1440 1192 1525 doetrmento

146 1520 317 1595 monstrat
342 1531 409 1595 Lis.
430 1536 483 1602 31.
498 1536 548 1606 31,
572 1537 622 1595 10.
655 1529 710 1594 ubi
736 1550 839 1616 quum
863 1526 1035 1593 Bekkerus
1057 1528 1195 1594 dixisset

147 1636 274 1681 omnes
310 1616 434 1681 codices
465 1616 622 1702 praebere
659 1637 720 1678 nec
757 1615 808 1679 vel
840 1638 945 1702 neque
974 1648 1017 1664 -
1047 1614 1196 1701 quidem,
1270 1636 1277 1657 ¹

147 1723 238 1765 nunc
252 1699 464 1788 Kreyssigias
485 1725 517 1788 p.
537 1704 608 1764 148.
634 1709 789 1778 testatur,
812 1701 843 1764 in
872 1702 947 1763 cod.
965 1698 1195 1786 bambergensi

147 1787 308 1871 scriptum
326 1808 398 1851 esse
423 1808 478 1850 ne.
523 1784 558 1848 ln
581 1783 730 1869 plurimis
747 1785 833 1848 euim
849 1784 940 1850 libris
957 1787 1194 1870 compendium

145 1879 245 1955 arcet
265 1893 308 1936 rte
335 1869 442 1935 oculis
474 1871 528 1933 rix
559 1869 715 1954 distingui
745 1880 895 1957 possunt.
946 1871 1055 1950 Quare
1085 1872 1119 1936 in
1150 1870 1192 1934 iis

145 1956 385 2041 scriptoribus,
407 1976 553 2042 quorum
570 1955 695 2042 scripta
712 1977 780 2018 non
796 1955 937 2039 antiquis
955 1955 1196 2044 exemplaribus

146 2051 299 2120 exstant,
333 2063 463 2128 semper
487 2039 632 2104 manebit
666 2039 878 2104 dubitationis
906 2061 1029 2104 caussa.
1080 2039 1197 2128 Neque

145 2137 285 2190 tantum
303 2127 336 2188 in
353 2128 469 2203 coniun
494 2126 585 2191 rudis
601 2126 791 2202 sententiis,
812 2124 867 2188 sed
888 2122 993 2190 ettam'
1005 2125 1038 2190 in
1057 2125 1195 2191 iis‘me-

148 2211 214 2276 diis
232 2151 604 2279 substitueruntiib'rarii
622 2232 720 2274 suum
736 2233 816 2273 nec.-
844 2207 887 2274 cs.
911 2211 979 2274 Cic.
1008 2211 1049 2275 de
1072 2210 1138 2275 Off.
1166 2218 1196 2291 1,

150 2299 277 2375 15,28.
312 2319 347 2382 p.
365 2294 462 2360 drrh.
487 2300 518 2367 5.
542 2301 593 2361 10.
625 2295 681 2359 ubi
713 2296 843 2358 codices
871 2295 1038 2361 inferioris
1069 2297 1196 2361 ordinis

149 2390 284 2447 servant
299 2404 362 2445 ne.-
382 2403 478 2470 saepe
495 2382 590 2446 etiam
627 2380 743 2444 uidem
756 2379 960 2458 adiecerunt,
976 2381 1196 2469 simpliciaco

149 2489 220 2532 non
245 2467 403 2531 contenti.
448 2465 493 2532 cf.
510 2468 578 2531 Cic.
600 2403 640 2530 rie
657 2466 724 2531 Off.
742 2471 773 2538 3,
793 2469 824 2540 d,
845 2471 919 2530 17:
939 2467 1106 2532 Praeterea
1134 2490 1197 2533 nc·

152 2575 242 2617 cesse
257 2563 324 2627 est,
349 2565 473 2616 veteres
489 2554 665 2638 scriptores
682 2573 887 2616 seccrnamus
909 2574 926 2615 a
946 2551 1197 2634 recentioribus,
1235 2596 1238 2605 ·

151 2641 208 2725 qui
225 2639 265 2701 ad
283 2637 375 2701 illurn
395 2659 489 2702 usum
511 2637 600 2703 verbi
617 2661 678 2701 nec
693 2637 831 2724 propius
856 2638 1071 2719 accedebant,
1095 2622 1212 2725 quem¹

153 2723 242 2809 apud
262 2724 502 2786 recentissimos
528 2733 738 2821 pervagatum
765 2724 921 2788 videmus.
964 2725 1013 2788 De
1036 2727 1197 2789 veteribus

152 2810 216 2873 hoe
239 2808 371 2893 quidem
396 2819 544 2872 constatr
581 2807 636 2872 uba
662 2807 898 2893 exprimendus
922 2819 987 2872 erat
1013 2811 1197 2896 negationis

153 2894 347 2972 adscensus,
377 2906 501 2958 ratores
523 2916 592 2958 non
617 2892 720 2957 modo
744 2895 777 2958 in
804 2893 911 2958 media
941 2894 1110 2968 oratione,
1140 2894 1198 2960 sed

152 2981 252 3044 etiam
274 2980 306 3042 in
333 2976 539 3067 adiungenda
567 2980 726 3044 sententia
753 2980 908 3043 dixerunt
927 3003 1028 3043 ne-
1044 2978 1199 3066 quidemr

151 3087 231 3129 nam
260 3087 302 3128 rie
324 3068 422 3129 etiarn
448 3065 483 3130 in
509 3064 579 3129 aliis
604 3065 774 3129 sententiis
797 3063 953 3129 addendis
977 3088 1045 3129 uon
1077 3067 1201 3130 inserta

151 3149 272 3236 copula
288 3172 350 3235 pro
368 3173 434 3214 nera
451 3149 562 3215 locum
578 3140 745 3226 obtinere,
767 3151 800 3216 id
826 3153 890 3214 iam
918 3152 1058 3236 exposui
1081 3174 1113 3240 p.
1128 3153 1200 3217 55.:

151 3257 356 3323 quamquam
385 3235 509 3302 librarii
530 3235 730 3323 pierumque
760 3235 836 3300 ideo
865 3235 1105 3300 substituerunt
1127 3258 1199 3316 nec,

150 3332 191 3385 ut
205 3328 375 3385 necterent
391 3323 590 3386 orationem.
634 3321 698 3385 Sed
716 3319 863 3398 Florum,
880 3322 1088 3397 Suetonium,
1101 3321 1200 3387 iusti·

150 3427 253 3481 num,
278 3405 387 3490 etqui
413 3416 488 3491 post
504 3427 559 3470 eos
583 3407 754 3485 vixerunt,
779 3430 841 3472 nec
857 3428 933 3472 oum
957 3407 1093 3495 quidem
1116 3429 1199 3471 con·

150 3491 318 3569 iunxisse,
341 3491 423 3554 adeo
440 3491 476 3554 in
491 3489 598 3554 media
613 3492 780 3569 oratione,
802 3515 902 3556 nemo
919 3495 953 3557 in
973 3493 1109 3557 dubium
1136 3515 1199 3556 ro-

152 3576 262 3653 cabit,
286 3575 339 3639 ubi
358 3577 559 3662 reputaverit
574 3575 632 3639 iiio
646 3577 777 3640 saecuto
792 3599 853 3640 uec
872 3601 937 3664 pro
957 3589 989 3641 et
1009 3601 1068 3651 ne,
1093 3579 1200 3643 etiam

153 3685 198 3726 ne
226 3671 396 3747 acceptum
420 3683 502 3726 esse.
561 3660 625 3724 Sed
649 3684 691 3724 ne
715 3660 754 3725 ab
780 3660 831 3725 his
856 3664 988 3748 quidem
1012 3664 1200 3728 auctoribus

153 3746 313 3811 omnibus
334 3758 421 3810 certa
437 3747 623 3812 testimonia
639 3748 704 3833 peti
731 3758 882 3832 possunt.
925 3748 1010 3813 Nam
1035 3751 1069 3815 in
1093 3749 1200 3813 Colu-

152 3833 275 3896 meilae
308 3832 399 3895 libris
426 3833 548 3896 multos
572 3831 662 3895 locos
692 3831 843 3895 codicum
867 3844 1058 3899 auctoritate
1084 3858 1201 3899 emen·

154 3917 228 3982 dari
246 3917 378 3992 debore,
402 3918 597 3982 monstrarit
613 3916 869 3981 Drakenborch.
885 3919 925 3983 ad
949 3920 1017 3985 Liv.
1037 3928 1064 3993 1,
1082 3926 1133 3997 10,
1149 3926 1198 3983 8.:

155 4005 189 4066 iu
218 4002 308 4066 libris
338 4003 457 4067 Valerii
482 4003 640 4081 Maximi,
669 4002 845 4089 inquibus
869 4002 1054 4069 Torrenius
1086 4005 1201 4068 omni-

156 4090 219 4154 bus
239 4088 307 4154 scre
327 4089 406 4156 locis
424 4113 486 4156 uec
499 4089 641 4179 scripsit,
658 4088 838 4156 Seebodius
855 4091 946 4170 (Crit.
958 4089 1046 4156 Bibl.
1061 4112 1089 4154 a.
1106 4093 1215 4154 1819:
