2662 4906
237 285 279 349 si
656 279 867 375 aaran.
932 316 935 321 -

330 453 424 507 *cant
438 453 520 508 Persi
533 456 597 507 Lex.
613 451 680 507 crta
698 472 725 523 p.
740 451 800 506 116
834 451 1002 523 Heusinger.
1022 451 1058 506 nd
1072 450 1129 505 cic.
1144 451 1179 504 de
1197 452 1253 508 011.
1268 452 1297 518 2,

310 536 362 602 20,
380 537 422 591 16.
450 538 592 609 Spalding.
606 538 641 592 ad
657 538 773 607 Quintil.
786 536 819 604 6,
835 537 871 606 8,
886 535 930 591 26.
1086 530 1091 541 “

194 667 197 670 ·
282 657 284 661 ·
329 644 359 702 1.
394 639 598 728 significatio
622 640 801 728 particulae
823 664 866 705 ae
897 649 946 704 est
965 640 1177 727 gravissimae
1200 636 1297 703 affir-

242 725 417 805 mationis,
440 741 475 792 ut
492 726 711 813 intelligamus
727 748 765 791 re
781 748 872 804 aera,
882 725 1051 813 projecta,
1073 737 1174 790 certe.
1210 724 1297 790 Num

243 811 336 896 quod
358 812 507 878 Donatus
530 822 563 877 et
586 813 627 876 ad
643 811 779 877 Terent.
801 813 888 876 Prol.
911 812 1014 877 Andr.
1032 813 1082 876 17.
1102 821 1135 876 at
1152 809 1193 876 ad
1216 817 1245 884 1,
1263 814 1296 874 2.

243 896 297 961 21.
330 896 460 976 docuit,
482 896 660 986 significari
691 895 810 971 valde,
839 895 961 973 amia,
990 896 1153 971 maltam,
1179 893 1297 983 plari-

242 1001 359 1059 mam,
380 981 506 1049 factum
523 983 650 1048 videtur
671 1005 730 1061 eo,
756 980 847 1069 quod
871 981 987 1048 Graeci
1010 984 1091 1064 vaip
1110 983 1153 1046 ita
1171 1001 1298 1069 posue-

243 1078 341 1144 runt,
363 1080 400 1133 ut
413 1069 509 1135 facile
527 1079 641 1158 posset
660 1091 723 1152 pro
747 1066 848 1132 ualde
869 1067 991 1156 accipi:
1022 1068 1121 1135 veluti
1139 1065 1297 1132 Callima-

244 1148 326 1216 chus
351 1153 386 1218 in
412 1155 541 1243 Frngm.
563 1159 615 1220 80.
665 1157 822 1236 Λυσανίη,
843 1149 882 1218 ud
908 1177 940 1238 γε
962 1155 1042 1236 vaips
1063 1151 1170 1231 auide,
1195 1148 1297 1228 καλός.

244 1233 429 1305 affirmatio
447 1252 556 1306 autem
575 1240 717 1339 pertinet
735 1234 776 1303 nd
795 1260 884 1308 rem.
911 1259 994 1326 quae
1011 1237 1048 1303 fit
1072 1240 1122 1304 vcl
1138 1237 1224 1303 facta
1248 1248 1300 1304 est

245 1321 296 1387 rel
313 1321 425 1390 futura
445 1336 511 1391 est:
533 1329 590 1395 uba
615 1324 807 1398 indicativus
831 1325 996 1412 sequitant
1021 1325 1089 1390 Cic.
1114 1324 1156 1389 dc
1180 1323 1300 1401 offis,

244 1411 297 1485 20,
313 1411 365 1476 75.
386 1411 499 1477 neiat
521 1410 632 1475 malta
654 1409 794 1475 saecula
812 1409 1043 1495 exspectanda
1053 1410 1216 1500 juerant:
1241 1419 1300 1472 aut

244 1491 377 1560 additur
397 1497 483 1562 votis
507 1495 557 1561 vel
580 1495 792 1561 coniecturis:
831 1495 886 1560 ubi
904 1496 1105 1562 coniunctiri
1123 1495 1215 1560 lacus
1237 1504 1299 1561 est.

245 1579 312 1643 Cic.
323 1580 477 1652 Brutus,
490 1585 565 1647 249.
581 1604 651 1647 aee
678 1605 697 1645 a
715 1618 753 1632 -·
771 1580 871 1645 aelim
883 1578 947 1645 tibi
962 1581 1298 1668 camplacerequnm

244 1666 403 1732 maxime.
448 1667 563 1732 Senec.
591 1668 632 1733 dc
649 1604 769 1734 deuel.
789 1674 817 1743 t,
835 1667 885 1744 14,
902 1670 934 1732 5.
977 1668 1108 1732 naresi
1123 1666 1197 1753 queis
1222 1666 1297 1731 exi-

252 1832 259 1846 ·
957 1691 1187 1837 denignimtis
1202 1747 1299 1836 fiaes

243 1844 412 1901 retrorsus
434 1862 471 1904 re
488 1861 563 1905 erre
578 1865 640 1902 -.·
664 1861 707 1903 ne
725 1859 912 1925 perperam
933 1835 1138 1902 madianea
1160 1848 1299 1901 austrae

243 1749 365 1816 stimat
381 1775 585 1928 melinum
605 1753 675 1818 iata
689 1752 943 1839 praecipimus,

154 1974 157 1979 .
244 1920 420 1988 exaudiat.

347 2043 432 2098 Brevi
446 2045 475 2098 in
490 2060 613 2098 sermone
621 2043 714 2097 Plant.
722 2041 793 2095 aad.
804 2005 917 2106 13116.
935 2058 968 2094 ne
977 2026 1308 2111 impudenterimpndem,

346 2146 389 2198 lle
407 2163 458 2199 usn
481 2145 634 2214 particulae
655 2144 683 2197 in
702 2144 797 2219 lutura
811 2158 843 2196 re
857 2141 1025 2213 designanda
1047 2142 1170 2196 dubitari
1192 2153 1298 2212 patente

313 2227 362 2280 sed
378 2227 439 2281 lain.
453 2227 505 2293 dl,
520 2226 553 2293 6,
570 2227 613 2281 16.
632 2225 670 2282 ‘ne
691 2228 769 2280 simul
788 2223 903 2298 pudere,
920 2229 988 2296 paud
1008 2247 1059 2280 aaa
1076 2235 1190 2296 opertet,
1209 2248 1299 2300 caepe-

307 2312 360 2365 rite
379 2313 579 2382 quadapertet,
596 2331 649 2366 aaa
665 2313 779 2382 paean.
812 2311 881 2365 Nam
898 2311 969 2381 quad
985 2311 1037 2364 duu
1060 2311 1128 2364 libri
1151 2331 1203 2365 nan
1224 2313 1300 2382 npti-

309 2394 353 2459 rui
371 2394 499 2450 amittunt
520 2396 701 2464 particulam,
724 2394 803 2463 parvi
824 2400 866 2448 eet
885 2395 1023 2449 momenti.
1064 2396 1156 2450 Plaut.
1171 2396 1247 2451 Asin.
1269 2398 1297 2463 6,

310 2476 396 2545 2‚1u.
413 2497 445 2533 ne
459 2480 533 2534 illum
548 2489 646 2535 ecustm
660 2482 779 2534 mucram
796 2480 901 2533 hadda.

346 2580 406 2635 Val.
420 2582 513 2637 Flere.
526 2581 562 2648 8,
582 2583 641 2638 166.
666 2601 697 2636 ne
710 2601 816 2636 suenum
828 2600 934 2652 purum
951 2583 1029 2639 diem.
1064 2581 1112 2635 ubi
1135 2583 1225 2638 critici
1247 2587 1300 2641 heu

278 2684 282 2691 ¹
311 2664 488 2734 seripserunt.
529 2669 578 2722 Est
592 2684 673 2721 vera:
699 2672 745 2731 tn,
769 2665 856 2738 quiin
871 2683 906 2718 aa
920 2682 1000 2731 eras,
1023 2673 1054 2721 nt
1071 2684 1184 2721 saevum
1199 2673 1298 2725 martie

312 2750 386 2805 diem
401 2751 547 2820 patereris:
575 2751 658 2804 sicuti
681 2751 785 2821 Statius
808 2751 877 2805 Silv-
901 2751 934 2816 l,
948 2747 982 2817 d,
997 2750 1041 2804 61.
1064 2751 1150 2806 dixits
1171 2771 1221 2822 qua
1242 2774 1298 2810 nan

311 2834 358 2889 aad
371 2839 474 2892 demina
487 2855 578 2890 caeam
593 2829 705 2906 pascum
719 2837 844 2906 bipennes.

323 2939 385 2992 ‘Ne
408 2957 492 3009 quum
520 2937 549 2993 in
572 2938 709 2992 codicibus
732 2954 816 3005 saepe
846 2944 1041 2993 commutatum
1067 2947 1140 2995 esset
1169 2955 1232 2997 curn
1254 2963 1298 3011 nc,

312 3023 384 3090 quud
403 3030 444 3078 est
461 3041 508 3076 uec
534 3024 581 3075 rel
599 3040 682 3086 uana,
709 3021 812 3075 criticis
834 3020 903 3075 illud
927 3024 1021 3078 multis
1046 3024 1075 3078 in
1099 3024 1168 3079 lucis
1187 3028 1300 3083 restitui

312 3107 431 3178 placuit,
450 3106 538 3162 veluti
553 3105 668 3160 Heinsio
686 3106 714 3159 in
727 3107 853 3174 Propere
870 3107 904 3173 1,
917 3105 951 3173 9,
967 3107 1009 3165 16.
1034 3109 1254 3170 Mitsclrerliclrla
1269 3116 1299 3170 in

312 3191 439 3271 Propert.
453 3192 487 3258 2,
505 3192 539 3261 5,
556 3191 599 3247 1⁵.

328 3298 361 3359 2.
384 3293 620 3377 Quaerendum
635 3305 705 3361 erut
718 3294 950 3383 grammaticis,
963 3318 1042 3361 num
1053 3298 1157 3363 Latini
1169 3322 1212 3365 ne
1228 3324 1298 3388 po-

209 3394 221 3423 ¹
246 3375 387 3443 suissent
400 3380 497 3444 etiam
516 3381 551 3445 in
564 3385 759 3447 'evocatione
775 3390 830 3445 aut
854 3381 887 3444 in
906 3380 963 3458 iis,
988 3405 1070 3469 quae
1091 3385 1297 3454 iuberentur.

248 3462 363 3549 Graeci
381 3467 469 3529 enim
492 3466 525 3530 id
543 3463 704 3532 lecerunt.
749 3466 802 3532 Sic
824 3465 905 3529 Eur.
922 3465 1031 3532 Orest.
1053 3471 1123 3534 147.
1147 3473 1199 3537 val
1212 3469 1297 3538 ο-ῧτω

245 3544 368 3632 κάταγε,
399 3548 517 3633 κάταγε.
573 3553 633 3617 ubi
653 3550 811 3618 Matthiae
839 3551 893 3626 id,
925 3553 1014 3639 qnod
1038 3557 1221 3642 scripserat
1245 3560 1300 3623 ael

246 3627 344 3699 adra·
365 3631 488 3720 κάταγε,
510 3637 581 3747 ipse
597 3650 711 3726 postea
731 3640 855 3704 reiecit.
899 3638 1018 3714 diceet,
1040 3646 1132 3706 1129.
1155 3645 1207 3707 vel
1221 3646 1301 3721 σῶζέ

247 3742 326 3783 νυν.
341 3721 538 3789 Callimueh.‘
555 3717 597 3789 11.
612 3724 645 3788 in
663 3721 738 3789 Cer.
756 3727 808 3789 64.
831 3724 883 3788 eal
898 3725 950 3789 val
963 3723 1065 3809 τεύχεα
1082 3730 1178 3810 δῶμα.
1221 3730 1298 3802 Hac

248 3824 326 3869 vcro
350 3805 492 3872 alienum
517 3808 640 3874 abusu
664 3810 860 3875 Latinorum
878 3807 979 3881 faisse
1004 3812 1150 3895 videtur,
1174 3836 1298 3902 quam·

247 3909 348 3997 quarn
366 3888 408 3957 de
422 3893 556 3959 comicie
570 3895 680 3984 poetis
695 3895 845 3962 dubitare
861 3894 948 3960 licet.

360 4010 451 4067 Plant.
470 4014 552 4068 liunt
571 4012 605 4080 d,
620 4014 653 4080 1,
668 4013 711 4069 18.
735 4033 768 4070 eu
783 4016 883 4080 Mela,
901 4032 935 4068 ne
955 4018 984 4068 tu
999 4016 1046 4068 aba·
1066 4018 1152 4071 neda.
1186 4017 1221 4072 de
1243 4038 1299 4089 qno

315 4095 378 4152 lace
399 4097 456 4152 uxi
482 4097 562 4154 Turn.
575 4099 602 4153 2.
625 4117 652 4169 p.
665 4097 726 4154 616.
759 4098 815 4154 Sed
838 4099 919 4164 vide,
945 4113 981 4154 aa
1000 4107 1077 4156 recte
1095 4102 1298 4174 canlnngantur
