2662 4906
145 276 212 343 ete
586 268 691 341 tttet.

227 442 353 507 Omnes
375 439 410 505 in
434 462 474 507 eo
499 439 676 522 falluntur,
718 435 807 526 qnod
832 436 872 501 ab
895 434 966 501 nisi
980 447 1188 523 temqnamr

141 526 358 595 fundamento
375 526 567 615 incipientes
591 528 818 592 demonstrare
833 520 987 597 student,
1020 522 1143 609 quibus
1157 522 1186 587 in

141 614 225 680 locis
242 623 392 677 mutetur
407 612 572 698 legitimus
596 632 676 677 usus
692 621 726 674 et
740 608 773 673 si
785 630 854 672 non
871 628 935 693 pro
948 600 1021 671 nisi
1037 610 1186 693 ponatur.

141 700 267 765 Gontre
283 698 370 763 enim
387 696 684 765 demonstrandum
701 695 773 774 erit,
796 691 984 779 quomodo
1001 692 1113 757 Latini
1126 692 1187 759 nisi

142 806 206 872 pro
222 782 254 848 si
267 807 339 848 non
354 782 509 847 dixerint.
548 782 646 847 Multi
671 801 750 845 vero
775 778 1016 865 proprietatem
1040 778 1186 843 dictionis

143 890 175 933 er
197 892 265 934 non
293 869 522 967 quaesiverunt
546 870 581 933 in
601 889 660 946 eo,
688 864 779 953 quod
803 867 911 928 meinr
934 864 980 927 ris
1007 861 1186 929 inhaereret

142 956 327 1038 negationi,
350 953 395 1018 im
425 954 516 1017 rimis
533 953 569 1018 in
586 952 749 1039 oppositis
764 948 957 1015 notionibus
975 948 1028 1015 rel
1040 949 1184 1015 enuntie-

143 1040 300 1104 tionibus.
342 1039 385 1101 At
401 976 469 1101 irco
487 1049 618 1104 nonest
636 1058 767 1114 caussa,
798 1036 855 1099 scd
871 1034 902 1099 id
921 1036 1013 1120 quod
1032 1032 1183 1101 effiatrnn

143 1146 221 1187 narn
248 1126 282 1189 in
301 1124 521 1187 vicissitudine
545 1125 715 1220 utriusque
738 1120 840 1205 partis
861 1119 1045 1185 sententiae
1075 1130 1126 1185 est
1146 1121 1184 1185 si·

143 1218 234 1291 tum,
278 1226 321 1271 uo
336 1210 519 1296 negationis
536 1212 583 1275 vis
599 1230 707 1273 maror
722 1204 779 1269 fiat
795 1217 827 1268 et
841 1207 999 1292 opposita
1015 1204 1184 1294 designen-

143 1303 208 1359 tur.
283 1312 367 1379 eque
384 1314 461 1357 oum
484 1293 554 1358 ullis
571 1294 796 1359 existimemus
810 1291 842 1355 ei
861 1314 931 1355 non
947 1289 1030 1371 dici,
1060 1288 1183 1378 quondo

143 1402 213 1445 non
228 1379 269 1443 ad
288 1400 391 1442 unum
409 1378 544 1461 aliquod
557 1400 679 1443 nomen
695 1375 869 1451 referatur.
900 1376 985 1440 Nam
1000 1388 1182 1463 quemnan,

143 1464 199 1528 ubi
217 1466 324 1541 adest,
347 1464 537 1550 semper-,sd
557 1485 659 1529 unum
674 1484 810 1538 nomen,
824 1462 915 1547 quod
936 1460 1093 1525 iudicium
1109 1482 1183 1526 con·

144 1549 270 1631 stituit,
292 1546 505 1613 referendum
527 1551 586 1629 sit,
610 1550 721 1636 quaeri
740 1547 846 1624 debet,
867 1545 1053 1632 quandoid
1075 1544 1139 1623 fiat,
1152 1554 1182 1611 ut

144 1635 240 1700 adsit.
283 1633 348 1698 Sed
364 1634 577 1699 Gernhnrdus
590 1656 625 1720 p.
643 1638 695 1699 12.
711 1632 926 1697 commodum
942 1630 1114 1717 quoddam
1127 1648 1183 1707 not

143 1720 258 1791 minat,
282 1740 349 1806 quo
372 1744 441 1785 non
463 1744 481 1785 a
503 1721 535 1785 si
549 1721 734 1785 seiunctum
749 1718 806 1782 uni
822 1716 980 1783 vocabulo
997 1715 1182 1805 prestigiet

141 1805 290 1892 negative
306 1802 386 1890 fingi
403 1807 508 1892 possit
526 1806 708 1894 oppositio,
730 1823 814 1891 quoe
829 1804 931 1867 animi
947 1802 1032 1869 nilril
1050 1802 1182 1890 optantis

144 1890 414 1975 tranquillitatem
437 1890 600 1956 declarets
630 1891 720 1956 velut
743 1890 812 1954 Cic.
835 1888 876 1954 de
899 1888 966 1953 Off.
980 1894 1015 1969 8,
1037 1890 1181 1964 ee,.ttt

144 1974 260 2041 decem
275 1974 346 2055 illi,
368 1998 450 2064 piros
477 1978 611 2041 iuratos
634 1977 684 2041 od
705 1986 862 2039 serratum
883 1974 980 2037 misit
1002 1970 1181 2051 Hannibal,
1214 1984 1217 2055 ξ

143 2083 180 2125 se
195 2062 230 2123 in
248 2072 366 2126 cestro
391 2061 562 2128 redituros
586 2084 647 2139 ea,
669 2082 809 2147 qnorum
823 2058 934 2149 potiti
951 2069 1054 2124 erant
1073 2056 1180 2136 Poeni,
1215 2106 1217 2115 .

143 2146 214 2211 nisi
226 2144 270 2210 de
284 2146 495 2211 redimendis
514 2146 660 2233 captivis
676 2148 929 2232 impetrassent.
944 2144 977 2207 si
992 2166 1063 2209 non
1077 2140 1182 2209 redis·
1215 2196 1217 2209 .

142 2243 235 2309 runt,
257 2228 487 2316 vituperandi.
534 2233 593 2313 „Si
617 2232 745 2306 Cicero,
776 2232 884 2317 inquit
907 2229 982 2306 ille,
1011 2228 1183 2317 scripsisset
1214 2258 1217 2299 τ

143 2316 177 2380 si
192 2315 235 2379 de
248 2314 459 2380 redimendis
477 2316 622 2402 captivis
637 2340 706 2381 non
725 2317 977 2403 impetrassent,
1004 2338 1077 2380 non
1091 2314 1182 2379 mode

147 2403 340 2487 oppositum
367 2404 400 2463 si
423 2401 679 2481 desideraretur,
709 2400 766 2466 sed
790 2402 888 2466 etiam
910 2398 1095 2479 Hannibal,
1132 2400 1184 2487 qui

144 2485 299 2571 optabat,
319 2496 357 2557 nt
374 2487 491 2573 captivi
501 2488 757 2563 redimerentur,
781 2508 882 2571 nequa
900 2496 1013 2551 mente
1031 2484 1185 2553 videretur

145 2568 370 2633 conditionem
389 2572 554 2658 posuisse:
575 2576 748 2658 insequens
763 2585 872 2636 autern
888 2564 1003 2636 simin
1019 2570 1185 2637 rediment

145 2678 163 2719 e
182 2654 388 2742 philosopho
405 2658 583 2745 tranquillo
602 2658 713 2723 animo
729 2661 890 2725 sumitur.
917 2668 953 2721 ut
967 2657 1101 2733 docent,
1125 2678 1183 2745 quo

144 2750 240 2828 pacto
274 2742 339 2804 sint
362 2743 600 2829 vituperandi.“
648 2742 911 2830 'l'ranquillitatis
936 2752 993 2806 erit
1016 2744 1089 2831 spei
1112 2762 1185 2806 con·

146 2836 260 2913 ceptae
283 2827 410 2891 nullum
432 2840 480 2893 est
510 2831 563 2895 lric
584 2828 754 2893 indicium.
807 2830 841 2893 Si
862 2830 1024 2914 scriptum
1051 2838 1135 2894 essct
1159 2826 1185 2892 si

144 2910 188 2976 de
210 2911 419 2977 redimendis
434 2916 584 3001 captivis
598 2937 668 2978 non
682 2915 933 3000 impetrassent,
959 2916 1030 2999 ipss
1047 2914 1185 2979 conditio

144 3008 314 3083 tamquam
329 3002 508 3064 necessarie
525 3024 601 3086 pars
619 3009 689 3063 crat
713 3002 837 3087 posito,
866 3010 901 3062 ut
928 2998 1076 3065 redirent
1096 2999 1187 3086 legati

144 3105 215 3147 non
234 3084 406 3170 impetrata
421 3108 476 3149 re:
495 3086 552 3150 sed
568 3086 748 3149 secundum
772 3086 870 3149 verbu
888 3086 1058 3150 Ciceronis
1076 3096 1188 3173 postu-

143 3168 275 3233 labatur
298 3170 338 3233 ol)
357 3170 556 3251 {Iannibale‚
587 3182 624 3233 ut
638 3171 784 3235 redirent
803 3171 917 3255 legati,
944 3172 1070 3236 adiecta
1101 3192 1189 3233 exce·

143 3258 269 3341 ptione,
292 3276 390 3339 quem
407 3257 565 3320 Germani
579 3255 751 3343 designant
776 3257 884 3320 verbis
908 3279 941 3319 es
962 3253 1090 3347 rmiſsste
1105 3254 1189 3321 denn

146 3362 244 3425 scyri,
260 3337 351 3427 ilasi.
395 3338 433 3403 ln
449 3340 518 3405 eliis
534 3344 694 3427 exemplis
714 3341 925 3407 Gornlrardns
941 3362 1091 3407 caussam
1106 3352 1188 3406 retu·

143 3423 183 3488 lit
199 3425 239 3488 ad
263 3426 518 3490 concinnitatem
534 3429 713 3492 oratoriam
732 3439 764 3491 ct
779 3428 819 3491 ad
838 3428 1045 3514 elegantiam,
1060 3448 1144 3515 quae
1159 3427 1189 3489 in

144 3508 196 3571 his
208 3510 509 3597 rationibuslogicis
521 3513 602 3578 nihil
619 3513 736 3577 valent.
763 3512 848 3576 lllud
868 3525 989 3579 autern.
999 3514 1092 3599 quod
1106 3512 1188 3579 idern

144 3594 357 3659 Gernhsrdus
376 3596 473 3675 dicit,
493 3600 562 3663 nisi
577 3600 694 3662 oratius
711 3618 785 3661 cum
802 3599 958 3684 epodosis
980 3598 1082 3664 verbo
1101 3598 1188 3662 finito

146 3680 319 3767 coniungi,
343 3691 376 3744 et
400 3682 533 3769 quidem
578 3696 748 3769 roptoren‚
770 3685 858 3770 quod
876 3684 1017 3769 negandi
1034 3684 1189 3770 particulo

145 3787 220 3828 oum
238 3768 269 3829 si
283 3766 432 3853 copulata
448 3770 508 3833 sit:
529 3708 574 3831 id
579 3770 717 3833 omnino
740 3792 757 3832 a
782 3771 916 3834 veritate
938 3770 1122 3835 abhorrere
1145 3768 1189 3833 ri·

145 3852 252 3925 detur.
289 3852 449 3938 Reisigius
466 3854 499 3917 in
518 3856 667 3919 Gramm.
685 3876 720 3941 p.
733 3858 808 3919 457.
826 3856 885 3919 sibi
904 3877 1020 3942 parum
1040 3864 1191 3921 constans

143 3937 247 4001 modo
270 3936 358 4000 insi
380 3962 448 4002 non
464 3952 576 4025 -negat
596 3940 702 4004 inesse
727 3941 945 4025 restringendi
972 3943 1060 4019 rim,
1088 3940 1190 4007 modo

145 4022 295 4085 concedit
334 4044 370 4086 er
386 4023 578 4089 haecverba
604 4024 747 4110 aliquam
777 4022 906 4111 portem
929 4028 1112 4091 sentcntiae
1138 4048 1193 4091 rc·

143 4108 271 4203 stringi,
286 4046 441 4207 sciditque
458 4111 752 4207 consequutioncrp
766 4112 910 4201 exprimi
922 4113 1063 4213 pernisi
1069 4140 1081 4177 .·
1103 4110 1197 4203 quod
