2662 4906
467 286 564 366 Nec.
606 297 770 382 NEQVE.
1089 305 1150 408 ¹l⁵

180 475 233 537 26.
261 470 299 534 ln
328 489 433 557 rreqrrs
462 466 554 533 enim
581 467 663 534 rluoe
691 492 744 534 res
774 479 850 534 sunt
881 470 1149 539 considerandae.

124 576 214 622 tuum
241 556 362 643 triplex
383 556 426 617 sit
446 553 641 639 significatio
666 555 844 642 particulae
865 559 973 639 enim,
996 580 1077 644 quae
1098 561 1150 624 vel

124 643 168 707 eni
190 642 345 731 exponit,
368 639 419 705 vel
439 661 511 704 eom
535 651 731 728 argumento
756 643 969 728 comprobet,
994 644 1043 708 vel
1070 667 1149 708 sen-

124 732 235 793 entiam
268 736 444 804 asseverat,
483 725 581 789 etiem
615 727 835 812 nequeenim
863 729 1025 816 triplicem
1050 727 1151 794 hobct

124 835 208 879 sumi
251 811 411 898 Exemplo
429 809 578 874 dedimus
594 810 696 874 Tom.
714 818 745 875 2.
765 835 798 897 p.
816 817 890 878 378.
908 819 981 880 389.
1024 815 1151 880 Deinde

124 922 248 964 ormam
264 923 324 964 nec
345 897 435 961 enim
452 895 584 982 plurimi
602 899 806 981 grommotici
831 920 900 962 non
924 911 1009 964 recte
1032 900 1151 965 distin-

124 997 226 1049 uunt:
252 983 462 1070 Spaldiogius
478 980 599 1067 ubique
615 983 757 1046 restituit
769 1005 874 1069 neque
890 985 980 1048 enim
996 985 1040 1049 ob
1053 1007 1152 1050 vocn-

124 1095 178 1134 2m.
223 1071 298 1133 vio.
320 1068 359 1133 ud
385 1067 525 1148 Quintil.
547 1071 579 1148 4,
597 1072 629 1146 c,
645 1073 698 1132 ss.
721 1073 823 1146 s,11,
844 1075 897 1134 co.
931 1072 981 1134 nd
998 1077 1029 1150 s,
1049 1074 1080 1149 5,
1100 1074 1152 1136 se.
1218 1093 1247 1105 ·⁴

124 1154 244 1244 ppellot
268 1155 451 1242 pleniorem
475 1151 631 1217 formem.
679 1154 865 1240 Wagnems
890 1167 998 1220 nutem
1025 1158 1154 1221 ratione

125 1264 170 1304 on
188 1239 286 1320 falso,
308 1240 449 1305 sednon
474 1238 551 1301 sotis
572 1237 745 1326 explanato
770 1239 854 1305 dixit
878 1262 939 1305 nec
961 1240 1053 1307 enim
1078 1240 1154 1305 for·

128 1348 164 1389 us
189 1348 325 1411 negare,
355 1347 459 1412 neque
482 1325 573 1388 enim
601 1325 684 1410 poni
707 1324 738 1389 in
764 1325 956 1391 remissiore
987 1328 1151 1391 oratione.

126 1411 166 1475 ed
185 1411 359 1475 discrimen
375 1408 441 1474 hoc
459 1418 519 1474 est.
552 1409 614 1472 Per
631 1411 841 1496 nequeenim
859 1401 977 1477 transii
992 1412 1100 1476 orolio
1118 1413 1154 1476 in

124 1499 239 1560 lteram
261 1496 473 1568 sententiam,
495 1514 577 1580 qnae
599 1515 639 1558 ex
666 1495 765 1559 ollem
791 1498 903 1583 priore
927 1497 972 1560 ito
1000 1497 1154 1578 nectitur,

125 1592 137 1646 t
158 1605 196 1644 eo
213 1575 264 1644 vel
280 1580 459 1666 explicetur
476 1580 525 1641 sel
538 1578 792 1663 comprobetur:
816 1583 850 1646 in
862 1601 922 1647 nec
939 1582 1031 1648 enim
1046 1602 1154 1646 nexus

127 1689 176 1730 on
194 1660 294 1738 deest,
314 1664 369 1728 sed
387 1663 546 1727 sententio
567 1663 667 1749 magis
684 1684 788 1750 perse
805 1679 942 1742 constet,
961 1677 991 1731 et
1008 1670 1155 1756 porticu-

124 1774 155 1813 ιο
181 1751 341 1813 moiorem
369 1749 401 1811 in
427 1770 462 1811 se
485 1746 605 1811 habent
632 1749 696 1812 vim
730 1748 986 1816 demonstrandi.
1034 1751 1070 1817 ln
1102 1753 1156 1834 iis,

126 1857 189 1899 uoe
212 1833 437 1919 parenthetica
453 1834 711 1907 interseruntur,
738 1832 800 1900 dici
823 1836 906 1899 solet
929 1861 970 1902 ne
992 1857 1031 1901 rre
1055 1838 1157 1903 enim.

123 1944 142 1984 n
162 1943 225 1984 nec
243 1922 288 1981 vis
306 1917 489 2005 negationis
507 1917 710 2003 opponendo
726 1929 880 2004 nugetur:
903 1860 1042 2009 emplius
1059 1924 1159 1987 etiem

124 2028 166 2070 er
185 2005 327 2070 solutam
343 2003 526 2067 orationem
544 2002 579 2064 in
597 2020 666 2065 non
686 2004 788 2067 enim.
831 2005 913 2070 Vide
933 2023 1015 2070 NON.

218 2114 660 2208 cic.osn1ntc.16,'5t.tarem
682 2123 762 2174 trium
785 2114 970 2179 :metarum
996 2125 1061 2176 nielli
1082 2139 1161 2193 pror-

173 2220 218 2262 tsss
233 2210 366 2262 assentior.
403 2206 457 2259 Nec
476 2206 545 2257 enim
560 2204 608 2256 illa
623 2203 710 2272 primo
726 2223 788 2257 vera
803 2214 841 2258 est
859 2213 911 2259 etc.
945 2209 977 2261 ln
1002 2209 1056 2261 lieo
1078 2224 1162 2274 expo-

175 2294 274 2347 sitione
295 2312 346 2346 non
370 2292 478 2363 polemi
490 2286 549 2361 elici
561 2304 640 2356 oeque
655 2289 733 2340 enim.
767 2288 836 2342 ltem
853 2281 910 2343 cte.
926 2293 960 2344 elo
976 2292 1041 2345 Son·
1057 2292 1100 2353 lo,
1117 2290 1161 2344 32.

173 2381 315 2431 nonensis
332 2379 398 2430 vires
411 2392 481 2427 oreos
498 2364 645 2435 desiderat,
662 2389 713 2425 oen
727 2382 830 2439 rostro,
848 2394 898 2428 noo
913 2368 1000 2442 omisi,
1017 2396 1067 2429 non
1081 2378 1163 2429 clien-

176 2471 232 2527 tes,
252 2482 302 2515 noo
319 2462 436 2530 ltospites.
463 2450 515 2512 Neo
530 2459 598 2510 enim
611 2470 735 2525 emonam
748 2475 804 2510 snm
820 2467 939 2512 assensus
954 2463 1030 2514 ceteri
1044 2461 1087 2512 illi
1103 2461 1163 2512 loe*

174 2548 286 2614 elatoque
298 2547 449 2615 proverbio,
470 2544 538 2612 prsod
559 2548 644 2594 monet
668 2549 769 2594 matrice
784 2543 848 2608 fieri
868 2562 966 2609 senem,
984 2547 1008 2597 si
1028 2545 1074 2597 elin
1100 2545 1164 2595 oels's

177 2648 231 2683 esse
244 2649 326 2683 serres.
361 2630 387 2694 3,
406 2628 433 2682 8.
453 2629 503 2681 nbi
518 2626 627 2680 tollitur
649 2624 835 2678 Gcrnlrsrdus.
869 2628 902 2679 (lc
916 2630 986 2697 ch.
1005 2629 1037 2692 1,
1053 2625 1097 2679 24.Ι
1115 2644 1163 2680 nco

175 2717 247 2768 enim
269 2708 317 2767 ltoe
332 2717 445 2784 suscepi,
461 2721 491 2766 nt
514 2719 645 2779 tamqnam
667 2711 794 2778 magister
814 2720 976 2781 persequerer
999 2714 1093 2764 omnio.
1128 2708 1164 2762 etl

179 2792 257 2852 Fam.
266 2798 342 2863 9,21,
351 2799 376 2850 2.
395 2799 458 2866 quiri
479 2797 527 2850 tili
540 2812 590 2863 ego
605 2794 632 2844 in
646 2794 757 2862 epistolis
770 2797 883 2848 videor?
901 2804 986 2848 nonne
999 2797 1095 2865 plebeio
1109 2780 1171 2845 sess

180 2903 254 2938 mooe
270 2902 348 2954 ogere
363 2883 465 2936 tecum?
499 2882 550 2934 Nec
565 2879 633 2930 enias
649 2894 749 2946 semper
764 2881 849 2931 eorlcm
865 2882 949 2931 morlo.
984 2878 1039 2931 Per
1054 2894 1164 2944 necop-

181 2969 283 3038 poeitio
300 2969 347 3034 lit,
368 2968 444 3036 quasi
459 2967 583 3019 dicotur:
602 2959 709 3012 etiamst
725 2964 779 3016 oon
795 2977 902 3030 semper
921 2962 1016 3014 coelem
1032 2961 1121 3013 morlo.

218 3069 300 3124 ortt.
308 3073 374 3124 lllet.
382 3071 474 3136 2301.
489 3067 589 3123 tlicerot
598 3071 663 3123 lrosc
673 3071 775 3122 Tellus:
792 3071 873 3134 neqsie
886 3066 953 3118 enim
966 3065 1079 3117 tolerare
1087 3071 1168 3133 eapo-

180 3173 236 3209 rem
247 3158 356 3209 ulterius
364 3156 459 3225 potnit,
469 3158 513 3206 lrec
526 3157 713 3223 diecreplnras
730 3168 856 3220 suumque
868 3151 968 3203 rettulit
984 3157 1011 3200 o's
1026 3150 1053 3199 io
1068 3164 1167 3216 sepso-

181 3243 309 3310 pioroqrrc
319 3243 434 3293 monitus
450 3246 537 3292 entre.
563 3239 617 3292 Alii
634 3239 710 3292 eodrl.
725 3256 772 3290 nec
784 3237 862 3290 enim.
887 3236 937 3288 litt
953 3232 1019 3286 vcro
1034 3230 1170 3285 sententia

185 3342 237 3392 per
251 3324 426 3394 parenthesin
443 3316 529 3387 illota,
544 3322 658 3390 ideoque
672 3323 850 3391 supersedere
865 3305 1094 3388 poteretliotliios
1105 3333 1169 3368 con-

183 3408 303 3461 iecturas
323 3427 404 3476 sepire
421 3410 482 3459 inm.
516 3408 593 3459 Idem
609 3407 753 3459 (licendum
769 3413 811 3458 est
826 3397 859 3456 tic
877 3406 936 3457 loco
949 3402 974 3466 9,
992 3399 1035 3454 ⁵5.
1066 3401 1122 3453 Cic.
1143 3419 1170 3468 pi

185 3493 283 3546 Plane.
297 3491 339 3556 15,
357 3491 400 3545 36.
420 3495 446 3543 in
462 3508 513 3559 qua
527 3481 642 3558 (conssul
658 3499 688 3544 tu
703 3492 804 3542 nomine
819 3490 884 3559 legis
905 3490 1026 3549 liciniae,
1047 3504 1112 3555 pecs
1133 3491 1171 3539 cst

185 3579 218 3630 de
236 3577 370 3639 sodalitiis,
385 3588 471 3628 omnes
484 3577 599 3628 omlites
613 3577 684 3644 leges
702 3576 845 3645 complexos
859 3562 908 3633 ei:-
918 3590 998 3642 neque
1014 3573 1079 3630 enim
1094 3571 1172 3639 qnid-

184 3679 264 3730 qoom
275 3661 350 3723 eliud
364 3663 389 3712 in
405 3662 454 3713 lior
469 3662 535 3728 lege,
556 3660 608 3711 nisi
623 3661 739 3712 editicios
756 3660 851 3711 indices
866 3666 984 3729 sequutus
999 3674 1033 3709 cs.
1062 3651 1172 3720 optime·

188 3746 248 3797 coel.
266 3747 384 3797 asnoios.
399 3762 447 3797 nce
461 3746 537 3796 enim.

235 3847 315 3901 Ovidi
331 3848 396 3900 lllet.
414 3845 515 3910 1l,25.
534 3853 562 3899 ot
579 3846 651 3898 Circe
667 3844 759 3912 (neque
772 3832 839 3897 enim
847 3836 965 3912 flammis
988 3845 1064 3896 tolet
1084 3841 1173 3910 optim

188 3933 244 3984 sila
262 3934 359 3986 talibus
375 3933 525 4002 ingenium)
549 3937 600 3983 ste.
625 3947 652 3982 r.
666 3927 726 3981 ²46.
744 3936 807 3982 nole
822 3930 887 4002 cleo,
902 3915 999 3997 ¹(sieque
1016 3929 1083 3979 enisis
1092 3925 1175 3991 finito

191 4024 279 4070 storto
293 4018 425 4070 vocandos
440 4017 519 4069 ltostis
537 4033 579 4079 es,
599 4015 702 4082 Aenea)
717 4030 822 4078 moneo,
833 4015 905 4084 suge
917 4012 997 4067 litore
1014 4011 1106 4061 Circes.

237 4118 349 4175 (lentim
364 4120 398 4173 sd
415 4119 515 4173 Luceni
528 4116 554 4185 t,
567 4113 626 4170 139.
643 4123 805 4186 perpetuum
822 4115 1100 4185 appellet-poctarum
1115 4122 1176 4162 intr-v

790 4204 811 4264 8
826 4201 845 4246 Ἄ
