2662 4906
10 948 14 953 Ι
68 867 215 946 buissel,
238 881 363 957 orqiiei

562 270 634 339 NE.
727 330 738 343 ,
1077 281 1120 347 67
1182 327 1184 331 -

68 442 219 594 peritum
239 440 398 531 iungitur.
446 438 580 504 'l'acitue
603 448 712 505 autem
734 439 793 505 has
819 451 930 528 portes
960 447 1120 517 orationis

92 529 213 595 iversas
231 528 290 594 uili
307 524 426 591 rationi
441 525 633 590 submittere
649 525 734 590 solet
749 527 891 614 simplici
917 530 1036 614 copula
1055 557 1119 620 po,-

69 615 144 679 eita.
188 614 272 678 Nam
292 623 330 676 ut
348 611 481 698 scripsit
493 614 583 681 ‚Anu
604 619 653 687 11,
672 617 703 676 2.
725 611 812 676 odeo
833 614 961 700 ignoro
986 614 1119 685 Caeso-

70 721 127 776 re,
150 711 187 763 ut
208 721 340 798 poriooe
358 708 440 785 post
463 695 537 761 diee
560 697 754 782 epulantem
780 699 876 782 opud
897 722 933 765 se
954 704 1120 769 moritum

70 785 145 849 eiua
166 784 358 870 Scipionem
404 792 673 861 erciirictoretur·‚
696 806 756 847 our
782 784 854 848 sirie
877 806 979 849 uxore
1003 786 1119 854 dilicu-

360 805 580 1017 fmssinetom
587 867 669 957 soto
684 868 913 954 responderet.
950 872 994 934 itu
1021 876 1118 942 etiam

72 962 103 1033 1,
133 960 186 1019 79.
216 952 390 1021 ornatibus
444 953 642 1028 tarentinis,
676 976 720 1018 rie
746 953 866 1019 Clariis
897 955 996 1020 solito
1023 960 1119 1027 oleeo

70 1040 226 1106 densetur
251 1042 288 1105 iii
314 1061 449 1103 omnem
469 1039 605 1102 Arrium
627 1034 888 1128 troiiejerretur·
904 1039 1004 1129 idque
1034 1044 1119 1134 iperi

67 1125 262 1213 perniciem
277 1125 441 1215 adferret.

71 1278 76 1287 ’
154 1279 185 1344 6.
205 1276 420 1342 Grammatici
441 1277 522 1343 olim
541 1277 745 1356 docuerunt,
795 1286 906 1342 ostric
923 1277 1062 1343 omittis
1087 1276 1119 1343 l-

70 1361 179 1428 labam
197 1362 248 1426 oli
263 1364 298 1426 in
322 1361 473 1448 aliquid,
497 1374 529 1428 et
553 1363 616 1427 dici
639 1361 755 1449 nequi
790 1361 1010 1449 ,utsiqiii'ot
1054 1302 1120 1429 llos

72 1469 151 1513 vero
169 1447 275 1512 hodie
296 1445 511 1533 elegantiores
543 1448 708 1534 despicere
740 1460 836 1534 atque
866 1447 975 1511 ridere
1002 1447 1120 1528 solent,

69 1534 200 1597 etiamsi
225 1554 280 1608 ea,
312 1553 395 1616 quae
423 1534 487 1619 ipsi
510 1534 551 1597 de
572 1532 759 1597 discrimine
782 1532 960 1597 verborum
983 1533 1066 1621 quid
1088 1545 1122 1600 et

67 1618 209 1765 olirpiid
224 1615 410 1702 disputant,
433 1618 586 1716 pleraque
607 1620 652 1683 ita
669 1628 745 1682 sunt
761 1628 969 1705 comparata,
993 1630 1029 1682 ut
1050 1618 1121 1686 fere

10 1716 12 1723 '
66 1703 130 1766 nul
148 1723 204 1765 um
234 1710 391 1789 appareat
412 1698 598 1767 discrimen.
643 1704 819 1789 Antiquior
837 1703 989 1768 'doctrina
1014 1705 1121 1770 verior

10 2536 12 2543 ,
63 2469 155 2645 perid
176 2467 307 2555 frustra

68 1797 152 1852 erat.
203 1784 288 1849 Nam
320 1783 575 1851 fundamentum
604 1787 748 1851 cernitur
775 1790 808 1852 in
837 1788 989 1876 aliquid,
1051 1789 1120 1854 uod

67 1892 177 1961 genus
204 1871 272 1933 aire
303 1890 408 1933 unum
443 1894 460 1934 e
496 1894 615 1959 genere
641 1870 812 1957 significat.
862 1872 992 1939 Omissa
1021 1812 1120 1955 dltera

67 1967 169 2046 parte
190 1953 341 2019 vocabuli
367 1955 531 2020 minuitur
556 1958 602 2021 rie
626 1956 862 2038 distinctionis,
885 1968 917 2020 et
938 1956 976 2020 fit
996 1960 1122 2026 encliti-

68 2064 160 2109 cum.
202 2040 315 2122 Quare
330 2049 468 2126 utraque
484 2040 592 2106 forma
611 2041 701 2107 idem
726 2040 904 2130 significat,
929 2040 985 2107 sed
999 2044 1034 2109 in
1049 2044 1122 2141 qoie'

68 2127 233 2194 hebemus
259 2125 433 2190 notionem
462 2148 516 2190 ma
540 2128 566 2190 ie
598 2125 817 2205 abstractam,
845 2127 987 2213 ideoque
1014 2150 1124 2195 minue

67 2213 268 2278 distinctam.
310 2211 398 2275 llaec
413 2232 491 2277 vero
509 2149 691 2277 deminutio
709 2223 765 2278 aut
779 2211 818 2276 fit
838 2213 872 2275 in
893 2212 965 2310 ipsa
986 2214 1033 2278 rei
1057 2237 1125 2281 nc·

67 2301 183 2376 tione,
212 2304 267 2361 aut
289 2316 349 2383 per
374 2293 462 2360 alind
492 2297 709 2378 vocabulum,
733 2296 822 2383 quod
852 2307 986 2361 eminet.
1038 2301 1124 2367 Nam
1211 2300 1219 2320 ⁸

69 2385 190 2450 Cicero
205 2382 312 2445 dicere
354 2382 461 2447 uidem
482 2394 612 2472 poterat.
629 2380 692 2447 deo
715 2406 784 2446 riori
807 2393 857 2446 eet
880 2381 1028 2469 dignum
1053 2387 1125 2452 ali-

322 2404 483 2566 jocare,¹
500 2470 555 2533 sed
582 2469 665 2533 dixit
688 2467 728 2532 de
749 2468 823 2533 Dii.
846 2472 879 2546 2,
898 2471 950 2542 60,
970 2471 1042 2536 125.
1062 2495 1125 2538 nec

86 2566 205 2621 restro
233 2575 276 2617 oe
298 2575 371 2617 sirie
394 2576 518 2618 causeo
547 2553 629 2642 qnid
650 2550 766 2639 locere
790 2552 853 2616 deo
881 2551 1027 2639 dignum
1060 2569 1123 2623 aar.

69 2641 227 2728 quoniam
246 2640 355 2703 omnis
378 2641 424 2704 rie
448 2641 609 2705 orationis
633 2640 718 2704 inest
742 2640 775 2702 in
797 2636 903 2702 verbis
921 2637 1059 2727 frustra
1081 2667 1125 2709 oc

69 2727 145 2791 sirie
167 2746 304 2789 causeo.
350 2724 412 2788 Vbi
433 2726 623 2790 coniunctio
654 2726 761 2811 aliqua
779 2725 973 2788 sententiam
998 2726 1125 2792 format
1209 2769 1214 2785 .

70 2823 105 2877 ct
122 2811 271 2899 pondere
287 2829 348 2874 suo
367 2809 466 2888 valet,
488 2812 515 2875 ci
532 2811 721 2898 adiungitur
737 2810 939 2875 encliticam.
981 2810 1018 2874 ld
1044 2835 1122 2879 vero

69 2896 264 2985 quomodo,
288 2905 417 2982 praeter
438 2898 469 2961 ei
483 2907 515 2960 ct
529 2919 628 2974 num,
651 2896 815 2980 imprimis
835 2895 869 2957 in
894 2915 936 2957 ne
961 2892 1033 2975 liat,
1054 2920 1124 2962 non

70 3005 115 3048 ex
135 3005 175 3046 eo
193 2981 422 3067 cognoscitur,
445 2981 553 3069 quod,
575 2992 611 3046 ut
631 2985 674 3045 ait
694 2978 982 3044 Weissenbornius
1000 3004 1033 3068 p.
1050 2985 1124 3048 258.

71 3068 246 3144 homines,
268 3068 297 3131 ei
320 3064 400 3152 quid
423 3078 551 3147 vetant,
579 3068 776 3155 plerumque
800 3065 978 3151 generatim
1002 3077 1123 3149 vetant,

69 3154 130 3218 sed
150 3153 236 3240 quod
253 3155 383 3239 negatio
399 3175 441 3216 rie
456 3175 532 3218 cum
549 3155 684 3217 nomine
708 3151 893 3215 coalescens
914 3150 944 3212 ri
962 3152 1126 3237 praevalet

70 3250 106 3305 et
122 3239 273 3304 encliticc
293 3248 432 3302 attracto
457 3240 599 3327 primam
618 3249 744 3324 partem
770 3236 948 3301 sententiae
972 3249 1122 3325 occupat.

71 3326 188 3406 Quare
204 3334 326 3390 veteres
349 3324 447 3387 etiam
474 3345 577 3389 uuum
603 3324 741 3388 verbum
768 3323 969 3407 scripserunt
989 3322 1125 3410 nequid.

69 3411 212 3476 Terent.
233 3410 349 3474 Heaut.
367 3413 398 3485 8,
415 3414 447 3484 2,
465 3412 518 3474 44.
544 3408 656 3474 sedai
677 3406 778 3496 quid,
808 3404 943 3493 nequid.
994 3409 1126 3473 Accedit

70 3518 175 3568 vero,
206 3494 298 3582 quod
322 3492 448 3580 aliquia
471 3516 542 3557 non
569 3496 604 3558 in
625 3495 772 3579 negativa
803 3492 964 3556 sententia
994 3493 1125 3572 dicitur,

69 3581 205 3663 nisiycl
222 3580 434 3668 oppositione
451 3578 590 3644 effertur
605 3601 727 3644 nornen
746 3578 796 3643 vel
812 3599 870 3641 sua
891 3577 991 3662 ipsius
1009 3579 1059 3660 vi,
1089 3590 1125 3643 ut

10 3670 12 3681 '
70 3664 237 3753 significet
259 3688 302 3729 ne
326 3665 505 3728 minimum
527 3662 672 3750 quidem.
721 3663 866 3749 Ideoque
890 3664 1060 3750 exempla,
1089 3665 1124 3728 in

72 3752 194 3840 quibua
209 3750 333 3837 eliquia
350 3760 478 3814 tantum
497 3749 621 3837 pollet,
644 3771 711 3813 non
727 3749 809 3812 adeo
824 3747 928 3811 multa
947 3759 1033 3814 sunt.

189 3869 248 3924 cic.
263 3888 290 3939 p.
304 3871 396 3923 Plenc.
413 3870 458 3933 22,
473 3868 516 3921 52.
535 3871 568 3922 de
585 3888 637 3937 quo
654 3866 829 3937 (petitione),
848 3883 881 3918 rie
899 3867 999 3934 oliqei'd
1016 3869 1124 3935 iuraret,

141 3955 272 4009 uariari.
305 3974 332 4024 p.
348 3940 438 4008 uitii.
459 3952 502 4018 io,
519 3952 562 4006 ea.
579 3955 647 4006 iiiii
668 3969 769 4017 wia,
787 3969 818 4003 ii
832 3952 880 4003 iiii
891 3952 965 4005 reim
985 3970 1126 4007 iniiam

142 4040 245 4108 aliquid
264 4040 395 4108 respicere.
429 4038 527 4109 pulit.
544 4037 587 4104 24,
601 4037 645 4091 66.
659 4039 765 4093 timelio
783 4037 991 4101 recensetum,
1010 4055 1076 4105 quae
1089 4037 1125 4090 tr'-

143 4124 240 4178 riiciido
260 4131 353 4190 ararit,
370 4123 414 4177 red
427 4125 530 4179 omnim
552 4126 653 4189 anau,
668 4141 701 4180 rie
724 4122 825 4193 aliquid
847 4138 893 4176 aar
912 4122 1043 4176 ti'raereti'e.
1076 4120 1125 4176 nbi
