2662 4906
260 310 532 381 raaaaaaaa.
573 310 879 387 raamauuaa
1033 317 1101 390 aaa
1143 273 1153 287 ’

10 440 128 573 'imm
146 488 287 545 ventam
300 490 369 558 eat,
391 479 442 545 ire
462 481 545 547 illae
559 480 670 549 iubet:
693 483 822 551 incerte
834 494 931 551 errat
946 484 1103 569 anianae,-

10 618 33 664 ,ι
38 575 324 660 praeterpropter
337 565 451 629 vitam
476 567 620 633 vivitur.
678 569 743 634 Sed
767 568 1013 657 grammaticus,
1036 572 1095 658 qui

10 706 22 736 ,
44 648 205 730 adstabat,
220 671 245 712 er
270 648 491 716 nificatioaem
501 652 592 719 verbi
608 675 678 717 non
694 664 824 742 poterat
840 654 1093 737 declamatio

10 717 170 827 preiiiaa
186 673 340 821 expiieat.
386 734 529 836 Scaliger
545 736 586 802 de
607 738 720 805 Canae.
742 739 766 805 l.
792 738 815 804 Ι.
837 760 867 805 e.
893 743 966 806 167.
980 760 1093 827 prae·

10 876 30 916 5
43 830 237 906 terpropter
258 820 375 894 uitam,
395 821 511 909 inquit,
534 821 566 886 id
589 830 656 903 est,
685 826 822 890 virimar
847 827 903 902 ita,
924 834 961 890 ut
977 824 1101 893 adm

14 946 26 998 [ι
42 924 122 1001 auur
144 915 284 992 propter
299 905 427 992 quidvis
446 912 555 993 potius
581 928 680 995 qaam
710 920 851 998 propter
869 912 981 976 vitam.
1017 911 1091 977 Go-

18 990 167 1091 *oieuiue
183 990 321 1056 Observ.
340 1014 371 1080 p.
390 994 462 1057 188.
479 992 641 1081 explieat:
658 1005 801 1094 prepter
823 995 921 1060 uliam
942 1014 1091 1063 aenaeam

43 1075 163 1141 vivitur
179 1096 278 1162 quam
296 1077 340 1140 ob
359 1098 450 1154 eam,
475 1080 566 1142 auiae
583 1089 686 1166 gratia
701 1083 766 1146 vite
780 1080 901 1146 tradita
915 1089 964 1147 eet
981 1080 1091 1151 nobie·

41 1160 221 1226 Salmasius
238 1161 354 1227 Exere.
370 1164 452 1227 Ptin.
469 1186 503 1250 p.
520 1167 592 1230 879.
604 1176 886 1253 praeterpropter
899 1165 1090 1233 absolutum
1210 1197 1212 1201 ’

10 1220 116 1312 *aare
128 1256 233 1347 putat,
255 1259 292 1310 ut
305 1248 387 1334 plue
402 1249 533 1329 odana,
556 1270 675 1336 artaque
689 1249 814 1338 deque,
833 1261 866 1314 et
879 1251 1092 1318 seribendurn

10 1323 22 1417 ξ’
38 1350 112 1397 ease
128 1355 165 1398 an
180 1333 331 1397 Enniano
344 1345 627 1422 praeterpropter
638 1336 717 1399 vito
731 1336 877 1401 vivitur.
919 1337 989 1418 Qui
1002 1346 1091 1403 reete

10 1432 17 1466 ⁸·
37 1418 111 1482 otia
125 1438 182 1481 aaa
199 1438 325 1504 ponere
339 1419 498 1496 nesciant,
517 1440 574 1482 eae
588 1432 865 1509 praeterpropter
877 1420 997 1488 vivere
1012 1420 1088 1503 diei,
1185 1418 1193 1434 '

10 1502 16 1533 ²
35 1501 211 1567 interdum
230 1503 296 1566 hoe
315 1504 430 1581 medo,
450 1503 617 1569 interdum
635 1505 699 1570 alio
717 1506 841 1593 absque
861 1505 927 1572 ulla
949 1508 1088 1581 ratione,

11 1589 146 1655 'modo
175 1589 230 1655 loa
256 1590 305 1653 iua
335 1588 462 1667 abesae,
501 1589 609 1655 modo
636 1591 774 1678 propina
800 1590 841 1657 ab
871 1590 937 1657 hoe
967 1591 1019 1659 vei
1046 1592 1088 1657 ab

33 1672 100 1739 tuo
135 1612 264 1741 virenii
287 1675 474 1774 proposito.
530 1673 816 1776 Praeterpropter
836 1676 1088 1765 quiaproga'ato

35 1780 120 1837 eaeo,
154 1761 284 1825 oireiter
313 1759 559 1909 qumquapinta.
603 1759 678 1847 plue
703 1783 813 1827 minue
843 1763 1088 1861 quinquaginta.

35 1843 261 1910 schwartzius
284 1845 320 1909 in
344 1845 462 1911 Turael
478 1847 532 1910 ino
554 1843 650 1911 hueez
672 1845 838 1924 „fortusse
853 1847 982 1932 piaarua
999 1846 1089 1915 dieaa

36 1939 73 1995 et
89 1929 130 1997 ad
152 1932 349 1997 sententiam
373 1930 473 1995 Ennii
494 1931 783 2010 aecommodatiua,
813 1931 841 1995 ai
856 1934 903 1998 eie
918 1933 1090 2021 interpre-

35 2016 138 2081 teriar
161 2026 217 2080 aut
232 2015 279 2080 eie
296 2017 384 2080 viam
396 2025 504 2081 rectae
517 2018 664 2098 rationis,
684 2028 740 2083 aut
762 2016 849 2082 ultra
868 2016 938 2082 fere
954 2039 1090 2084 verean-

35 2110 96 2166 tur
111 2100 277 2167 homines.
318 2099 453 2167 Errare
467 2103 557 2167 enim
573 2112 623 2169 eet
634 2124 705 2169 aon
722 2103 873 2168 insistere
887 2113 1011 2169 certam
1026 2102 1090 2169 tri-

35 2195 175 2273 tamque
192 2188 290 2251 viam.
331 2187 471 2251 Animus
493 2188 606 2272 igitur,
628 2189 686 2274 qui
701 2187 830 2253 incerte
844 2198 958 2269 errat,
984 2187 1090 2254 diace-

37 2271 90 2338 dit
104 2295 124 2336 a
148 2273 246 2336 viaet
263 2269 314 2336 vel
328 2272 409 2337 citra
425 2294 498 2352 eam
516 2272 638 2360 abripit
652 2273 823 2338 homiaem
841 2272 890 2339 vel
906 2272 1026 2339 ultra.“
1051 2272 1089 2338 Si

37 2357 77 2425 in
94 2357 193 2423 Ennii
208 2355 295 2421 libro
312 2356 591 2443 vilamauriptum
615 2368 703 2436 erat,
736 2367 861 2424 veteres
881 2356 1089 2444 grammatici

40 2441 208 2508 dubitasse
233 2441 395 2516 videntur,
418 2461 499 2505 num
510 2453 653 2527 praeter
673 2463 737 2529 pre
762 2443 1008 2528 praepositione
1031 2463 1089 2507 ao-

39 2527 108 2615 eipi
130 2525 282 2604 deberet,
306 2535 344 2588 at
360 2535 462 2589 esset:
478 2537 622 2615 praeter
632 2526 929 2614 propter-vitam,
957 2549 998 2592 an
1024 2526 1090 2592 du·

65 2612 119 2679 lex
134 2619 219 2676 esset
237 2609 437 2698 praepositio
460 2622 603 2711 praeter
617 2612 732 2677 vitam
754 2622 787 2677 et
806 2623 951 2700 propter
967 2613 1090 2679 vitam

38 2635 83 2763 {t
103 2697 231 2785 eer'ipait
247 2695 302 2760 iiie
319 2706 416 2784 poete
431 2708 519 2761 urta.
561 2695 652 2760 Tum
669 2708 813 2783 praeter
837 2708 953 2783 ropter
972 2698 1091 2764 adver·

38 2781 171 2849 biaiiter
206 2780 325 2846 dicitur
356 2777 396 2845 de
420 2799 457 2844 re
487 2802 558 2846 uon
587 2792 736 2847 accurate
768 2718 968 2860 detinienda,
1005 2802 1091 2870 quae

37 2868 144 2933 moda
161 2867 307 2947 excedat,
330 2864 435 2930 modo
452 2865 492 2929 ad
508 2867 650 2955 aliquem
666 2868 845 2931 terminum
863 2866 1002 2932 recedet.
1028 2868 1090 2933 At-

38 2976 106 3043 que
122 2953 189 3018 hue
209 2953 305 3017 etiam
328 2953 369 3017 de
383 2972 524 3017 numero
548 2974 617 3019 nen
642 2951 825 3017 distinctius
849 2951 1048 3018 definiendo.

125 3073 157 3157 ⁴¹)
180 3072 325 3137 Praeter
340 3081 371 3135 et
411 3080 526 3156 ropter
539 3092 634 3160 aaepe
646 3081 847 3138 commutata
861 3082 939 3138 aunt
953 3095 971 3138 a
987 3071 1091 3141 libra·

37 3158 112 3226 riis.
134 3158 208 3226 vide
224 3159 356 3224 Lueret.
398 3204 408 3239 ,
432 3159 506 3223 142.

107 3442 515 3532 PRAETEREA.
573 3441 1027 3532 PRAETERHAC.

112 3638 301 3706 Praeterea
316 3663 385 3704 nen
400 3660 470 3705 ease
484 3649 623 3727 praeter
636 3659 678 3704 eo
691 3637 828 3705 ultimae
840 3640 984 3728 syllabae
996 3661 1093 3704 men·

40 3746 120 3792 eura
137 3736 169 3789 et
195 3726 353 3791 voeabula
372 3727 515 3790 eiusdem
539 3722 668 3790 formae
682 3736 805 3803 anteo,
833 3737 959 3812 posteo
978 3735 1094 3791 oeten-

44 3810 139 3876 dunt.
183 3812 294 3893 Quare
309 3811 391 3877 nihii
408 3809 559 3898 impedit,
572 3812 745 3895 quominus
762 3811 860 3877 etiam
876 3810 917 3878 de
929 3830 997 3876 uua
1011 3830 1094 3899 per-

44 3920 127 3963 aona
142 3897 194 3962 vel
210 3898 250 3961 de
272 3920 336 3963 una
352 3919 388 3962 re
404 3907 479 3961 ante
495 3896 664 3961 nominata
687 3897 824 3962 dicatur.
868 3897 955 3961 Nam
978 3919 1022 3962 eo
1043 3904 1095 3960 eat

47 3981 245 4063 curatione,
276 4006 316 4048 eo
341 3991 508 4070 respectu:
541 4003 609 4070 quo
625 3981 709 4048 nihil
725 3978 926 4068 significatur
940 4002 1039 4068 qnam
1057 3988 1096 4044 ut

47 4065 90 4131 ad
117 4068 260 4157 aliquam
289 4090 362 4134 rem
390 4068 524 4154 eiusque
559 4068 724 4134 rationem
746 4068 971 4156 reepieiamna.
1019 4063 1094 4131 Alio

47 4150 154 4219 modo
177 4154 336 4223 Germani
356 4154 540 4242 loquuntur
566 4152 780 4232 carradam.
806 4150 981 4221 uotiua
1006 4149 1098 4219 idem

98 4252 155 4322 lv.
846 4252 890 4322 86
