2662 4906
139 287 207 357 or
345 346 362 375 ,.
379 275 659 373 ¹-ruorouno,
681 272 929 385 ¹iuorrnu.

484 479 870 620 euorouuo.
896 606 903 617 .

226 702 320 799 Quid
335 720 507 799 proporro¹
523 708 693 798 significet,
717 709 906 777 eLucretii
926 706 1122 773 carminibus

145 800 203 889 ligi
223 809 350 889 potest:
372 798 399 861 is
414 797 502 863 enim
517 816 601 860 unus
619 796 684 861 boc
702 795 873 862 vocabulo
892 795 1017 859 utitur.
1062 794 1131 881 Atqu

146 906 222 952 eum
238 884 378 951 modum
400 890 447 945 est
464 880 669 960 formatum,
689 882 723 946 in
741 903 846 968 quem
859 878 1077 967 propalam,
1106 894 1130 944 ut

147 968 283 1035 cedente
299 966 458 1055 particula
475 989 536 1055 pro
555 968 687 1053 gravior
703 965 802 1031 lieret
821 962 989 1031 vocabuli
1006 965 1066 1029 vis.
1099 966 1131 1031 tt<

147 1077 227 1120 vero
242 1051 402 1140 significat
418 1051 574 1137 deinceps
607 1051 696 1138 quod
713 1052 748 1116 in
763 1051 883 1117 indice
901 1046 1128 1115 Eicbstadirno

147 1149 244 1205 tatur.
294 1138 341 1202 Ea
364 1136 455 1202 enim
483 1100 697 1284 sippitlcatim
732 1158 838 1222 quam
874 1159 917 1223 p.
939 1137 1019 1199 486.
1052 1134 1131 1200 illustr

148 1223 313 1298 omnibns,
332 1223 367 1286 in
383 1221 500 1309 quibus
540 1243 595 1285 aec
618 1221 779 1308 particulo
797 1230 930 1299 exstat,
953 1219 1037 1283 locis
1055 1241 1131 1284 canu

146 1320 188 1375 ut
206 1331 277 1375 rem
293 1308 439 1392 designet
451 1307 521 1371 sine
537 1305 603 1371 ulla
621 1305 818 1371 conditione
842 1304 1131 1373 statuendamctr

148 1393 211 1459 alia
240 1415 278 1459 re
303 1391 525 1458 intercedente
560 1389 783 1456 efficiendam.
846 1391 918 1455 Est
949 1391 1052 1476 igitur
1078 1391 1131 1459 dt«

148 1480 305 1544 Germani
325 1478 510 1564 loquuntur
527 1475 732 1563 gaudebis,
763 1476 858 1540 olene
878 1476 1057 1541 waiam.

249 1596 359 1650 boaret.
370 1594 397 1662 2,
411 1594 471 1648 mll-
489 1596 538 1647 etti·
550 1612 674 1665 proporro
689 1612 756 1664 quac
771 1596 824 1648 rint
836 1596 1001 1664 primordia
1014 1602 1131 1662 qum

213 1683 250 1735 sie
260 1682 382 1749 Ιοηεὶιω
396 1680 542 1750 gereretis
556 1683 623 1734 suet
639 1676 723 1734 ursa
740 1681 906 1749 Ursprrmg.
925 1676 954 1745 8,
980 1676 1041 1730 m
1064 1681 1131 1730 ωἰι

214 1766 318 1819 nimo
329 1781 457 1834 proporro
470 1764 549 1817 totius
563 1765 627 1833 ipsa.
644 1763 663 1818 i.
675 1779 699 1820 ο.
712 1763 763 1817 illc
777 1763 824 1816 vis
846 1771 978 1816 numne
997 1761 1065 1817 nibil
1084 1764 1131 1815 aliu

214 1864 300 1916 quam
314 1848 408 1900 enims
422 1846 540 1907 animno.
567 1847 645 1901 litem
663 1865 690 1901 v.
704 1847 765 1901 282.
785 1865 930 1917 proporro
954 1854 994 1901 cit
1016 1848 1131 1900 uinco

216 1935 335 1986 minator
352 1950 454 2002 corpore
469 1941 529 1986 toto.
547 1930 566 1984 i.
582 1948 605 1985 ο.
620 1934 763 2003 granchia.
774 1930 804 1997 4,
820 1930 892 1983 ul.
915 1929 1005 1999 (888).
1022 1933 1080 1984 inde
1096 1952 1124 1987 oa

211 2034 292 2087 porro
307 2034 400 2086 corpor
410 2018 485 2085 serit.
501 2016 519 2068 i.
534 2033 558 2067 ο.
575 2032 627 2069 non
646 2016 702 2069 olle
720 2034 751 2070 ra
768 2015 982 2071 intercedente.
1008 2017 1032 2086 5,
1046 2015 1100 2070 31⁸.
1117 2034 1131 2086 q

217 2116 272 2155 rere
286 2116 413 2172 proporro
428 2102 476 2155 ribi
491 2117 614 2172 quomque
629 2118 756 2156 reuocare
774 2103 881 2155 παίω.

511 2353 836 2443 PROPTER.

228 2527 337 2594 Altera
356 2550 399 2592 ex
416 2550 542 2618 propos
559 2543 634 2597 nata
651 2532 805 2599 adverbii
826 2532 943 2598 forma
967 2544 1041 2599 erat
1052 2556 1131 2625 prop

146 2634 229 2701 quae
247 2614 414 2679 dicebatur
430 2630 587 2701 propter,
608 2630 638 2681 et
655 2619 751 2682 sicuti
779 2619 843 2683 alia
866 2619 1030 2683 adverbia
1047 2623 1080 2684 in
1098 2647 1112 2685 e
1128 2649 1131 2675 ι

146 2712 198 2764 ter
217 2703 367 2763 exeuntia
385 2700 622 2784 significatione
641 2703 854 2785 differebant,
884 2706 929 2768 ita
952 2710 1054 2769 etiam
1072 2731 1131 2794 pro]

147 2787 400 2872 praepositionis
426 2787 535 2850 officio
554 2789 702 2875 iungens,
735 2795 928 2876 proprium
954 2793 1020 2855 sibi
1047 2793 1131 2855 vindi

146 2891 255 2934 usum.
289 2873 399 2957 Longa
419 2871 638 2958 disputatione
662 2875 858 2938 Perizonius
880 2877 920 2940 ad
944 2879 1131 2943 Sanctiibli

148 2961 198 3019 16.
224 2962 378 3042 exposuit
394 2957 580 3021 adverbium
600 2980 677 3029 csse,
701 2961 790 3045 quod
816 2985 885 3048 por
903 2963 1039 3050 ellipsin
1058 2985 1127 3026 cum

145 3042 289 3105 minibus
307 3045 576 3128 coniungeretur:
606 3043 723 3124 hodie,
760 3049 946 3131 quomodo
974 3048 1123 3111 adverbia

146 3137 177 3190 et
202 3149 325 3191 nomen
349 3129 603 3215 praepositionis
627 3142 810 3215 occupent,
841 3134 943 3196 nulla
970 3145 1019 3197 est
1046 3134 1130 3197 dubit

146 3211 230 3275 lllud
255 3235 330 3276 vero
361 3214 537 3293 miramur,
571 3213 659 3297 quod
686 3215 914 3282 Gernhnrdus
946 3241 1023 3282 cum
1062 3220 1131 3282 ltlan

145 3298 199 3382 (ad
224 3301 289 3362 Cic.
314 3299 353 3361 tle
378 3298 452 3361 Sea.
483 3300 533 3372 14,
559 3299 626 3383 48.)
650 3310 681 3361 et
702 3301 889 3388 Zumptius
913 3305 971 3389 (ad
1000 3307 1085 3367 Verr.
1111 3311 1131 3367 4,

148 3384 233 3467 107.)
260 3383 401 3447 adverbii
430 3393 579 3446 naturam
613 3385 749 3448 alienam
782 3410 857 3451 esse
884 3390 928 3453 ab
962 3390 1019 3452 liac
1047 3393 1132 3475 parti

146 3470 384 3532 contenderunt
408 3469 477 3530 sine
501 3470 583 3533 iusta
607 3493 729 3535 caussa.
789 3472 842 3537 De
874 3476 1113 3541 terminatione

145 3552 243 3615 Torn.
261 3560 289 3617 3,
308 3577 340 3638 ρ.
361 3556 433 3618 387.

231 3678 259 3734 1.
285 3673 430 3736 Primum
448 3674 546 3758 igitur
559 3685 706 3760 propter,
725 3673 773 3738 vel
795 3676 1047 3742 adverbialiter
1061 3681 1131 3766 posit

146 3756 195 3820 vel
222 3760 475 3854 praepositionis
510 3770 669 3845 potestate
694 3763 921 3827 accusativum
952 3787 1093 3850 regens,
1119 3767 1131 3829 i

146 3841 307 3927 significat
326 3845 415 3929 quod
434 3868 560 3932 prope.
585 3845 642 3907 sed
669 3845 769 3927 illud,
795 3851 894 3934 quod
922 3852 960 3914 in
983 3863 1131 3937 propert

148 3930 340 4014 agnovimus
364 3953 396 4015 p.
416 3935 500 4008 aut,
524 3941 557 3992 ut
578 3953 638 4016 pro
656 3930 752 3995 iuxta
770 3947 937 4018 ponatur,
967 3940 1131 4024 propriuu

149 4015 308 4080 vocabulo
322 4026 474 4101 propter.
519 4018 589 4079 Hoc
609 4015 694 4079 enim
711 4018 877 4104 significat
902 4033 936 4085 ct
965 4024 1006 4085 in
1033 4021 1131 4087 clerl

149 4110 181 4162 et
197 4099 319 4166 neten.-
341 4100 439 4169 veluti
450 4113 592 4188 propter·
609 4124 661 4165 me
681 4112 865 4192 utrumque
887 4109 1081 4197 significat,
1104 4132 1131 4196 pi
