2662 4906
115 283 161 352 ot
489 282 588 352 rura.
630 270 799 368 unove,
839 290 851 313 ²

116 473 196 519 vero
218 463 350 518 tanturn
374 452 484 534 abest,
512 464 550 517 ut
572 455 620 519 ris
645 456 831 541 negationis
861 453 924 519 hac
958 456 1175 543 oppositione

114 547 282 623 augeatur,
308 551 344 603 ut
364 562 461 627 saepe
476 540 557 604 adeo
573 544 750 619 minuatur,
777 551 874 626 atquc
892 562 955 605 nec
969 542 1077 627 accipi
1093 564 1174 629 pos·

25 694 29 707 ¹
113 623 159 688 sit
176 646 238 711 pro
254 624 350 690 nicht
367 637 459 690 etun-
476 626 523 689 vel
542 627 631 690 arrclr
646 628 751 691 uiolet.
781 627 850 691 Cic.
867 626 907 690 ad
927 624 1019 693 Fam.
1034 632 1068 704 9,
1079 629 1172 705 M.

35 653 178 843 [lgneo
192 709 296 775 idad
311 711 527 798 volrrptutem
542 711 663 795 refero,
680 712 743 776 aed
760 710 810 776 od
824 734 864 775 co
939 720 943 727 “
988 713 1110 778 'tatem
1124 714 1173 777 ri-

114 804 175 861 roc
192 807 301 883 otqrrc·
312 796 428 860 uictas.
470 797 581 861 Manet
600 809 712 862 tamen
727 798 760 861 in
776 799 816 865 iis
831 797 894 885 ipsi
971 799 1172 886 ppositionis

115 882 163 946 ria
178 903 240 971 per
254 902 318 945 nec
335 903 498 969 expressa.

188 1019 267 1109 §os
281 1030 431 1085 tenemus
445 1042 549 1086 unum
566 1019 649 1096 hoo,
674 1019 763 1107 quod
782 1020 909 1107 inipso
931 1023 1165 1106 particularum

5 1100 30 1139 ’Ἰ
111 1094 343 1170 natura‘aitnm
362 1117 512 1191 osunen
529 1128 598 1170 esse
620 1104 869 1197 domonstrativi
892 1110 1042 1191 generis,
1067 1133 1168 1201 neque

111 1190 249 1255 relativi.
307 1190 385 1255 lnde
410 1190 955 1279 veroefficirur‚'··ur71ec„qo„e„a
1031 1192 1168 1259 uae'a'-

110 1282 270 1363 quaritur,
285 1275 462 1351 referatur,
484 1299 589 1367 neque
604 1277 710 1367 {td-ea,
758 1264 816 1340 u‘a'e
833 1268 1049 1376 flmffilltssll,
1074 1292 1167 1367 atque

109 1346 326 1448 itffir'uldenr,
351 1361 436 1425 utin
452 1354 620 1465 'Qut-ll*
646 1301 844 1451 copiillrn‘dr',
869 1384 902 1426 ru
916 1385 991 1437 arec
1014 1364 1086 1462 lpse
1106 1388 1166 1429 ne·

109 1449 205 1535 gotio,
218 1447 291 1533 plus
312 1447 423 1511 valcat.
467 1438 628 1534 ht‘quum
648 1450 680 1510 in
700 1444 910 1546 ‘quacumque
933 1446 1110 1535 negatione
1127 1440 1164 1516 iil

110 1535 256 1597 maxime
278 1534 420 1621 spectari
445 1535 567 1618 possit.
599 1531 689 1618 qnod
722 1544 927 1599 contrarium
951 1544 1015 1610 est,
1045 1527 1080 1600 ln
1105 1558 1164 1601 nec

108 1616 287 1686 habemus.
324 1639 392 1703 qno
429 1617 671 1704 oppositionem
714 1617 899 1682 distinctius
929 1617 1163 1706 significemus.

109 1702 215 1789 Saepe
236 1714 348 1766 tamen
372 1724 432 1788 por
454 1726 516 1766 nec
539 1702 749 1767 continuatur
775 1705 882 1767 oratio
903 1705 968 1782 ita,
991 1719 1027 1769 ut
1050 1701 1162 1770 ollicio

108 1788 286 1889 particulae
311 1811 416 1874 neque
442 1787 615 1874 iungatur:
656 1799 689 1853 et
712 1810 817 1875 quum
848 1798 1030 1874 utrumque
1060 1813 1161 1878 genus

106 1872 187 1938 rllud
204 1876 301 1954 etiam
322 1874 354 1936 in
373 1873 443 1937 aliis
464 1872 655 1937 nominibus
671 1883 906 1952 commutetur,
929 1872 1002 1939 lieri
1019 1888 1162 1964 poterat,

105 1968 144 2023 ut
159 1959 291 2024 relativa
309 1956 419 2023 forma
442 1981 507 2044 pro
531 1959 788 2023 demonstrativa
814 1969 1012 2045 poneretur,
1040 1982 1161 2047 quern-

104 2044 283 2109 odmodum
305 2044 364 2131 qui
384 2066 447 2130 pro
461 2045 537 2124 laio,
558 2065 766 2191 qrrompuom
781 2067 842 2129 pro
859 2057 974 2109 tumen
992 2046 1160 2111 dicuntur.

103 2131 211 2216 Atque
226 2151 293 2194 uon
317 2151 418 2214 pauco
441 2139 639 2223 aunt,quae
685 2151 721 2192 ac
744 2130 871 2194 rationo
894 2130 1052 2216 explicari
1078 2156 1158 2220 pos-

11 2292 49 2343 =··
71 2260 78 2299 ²
101 2216 228 2362 “mli“
243 2211 1059 2364 “ulllllllltltlld?¹llll‘lim’
1073 2240 1162 2317 ψ’

56 2318 361 2364 'roerm·
592 2321 598 2332 ·
736 2347 743 2360 1
848 2324 939 2364 osi
1013 2324 1160 2368 rnrnre

6 2460 9 2469 ¹
100 2324 205 2451 labit
225 2381 538 2455 demonstrationis,
559 2321 590 2444 lit
621 2403 679 2446 cur
702 2324 896 2469 nequeqnon
923 2324 1073 2473 pilantur
1096 2412 1157 2476 pro

99 2479 248 2535 nunaut
271 2489 334 2554 pro
362 2490 404 2529 rae
430 2502 470 2514 -
494 2467 649 2553 quidem,
680 2479 707 2529 et
729 2471 901 2555 quomodo
933 2473 1065 2536 dicatur
1098 2497 1159 2538 nec

98 2578 186 2633 uon,
211 2551 423 2625 scaminus,
446 2561 475 2614 et
493 2573 555 2638 qua
576 2552 617 2616 dc
633 2574 742 2617 caussa
761 2578 866 2641 neque
882 2578 951 2620 non
971 2560 1158 2644 coniunga-

98 2642 153 2703 lur
169 2659 243 2702 cunr
259 2638 454 2724 imperativo
472 2648 525 2700 aut
542 2639 749 2702 coniunctiro
777 2644 811 2704 in
837 2642 945 2705 iussis.
989 2636 1157 2730 Intelligi·

97 2733 153 2788 tur
175 2724 208 2787 iu
239 2724 423 2810 oppositis,
450 2722 547 2787 veluti
574 2723 606 2786 in
638 2747 699 2788 nec
717 2761 757 2774 -
778 2724 857 2801 aed,
885 2750 947 2790 nec
964 2761 1006 2778 -
1023 2741 1156 2811 tamen,

96 2810 236 2908 spectari
256 2811 360 2897 ipsam
381 2829 492 2873 rerum
510 2807 774 2892 oppositionem,
796 2810 850 2873 sed
865 2809 921 2876 ubi
937 2835 1045 2899 neque
1066 2816 1154 2880 scri-

97 2894 205 2977 lntur,
230 2916 306 2961 cum
325 2892 590 2958 antecedentibus
616 2915 670 2969 ca,
693 2914 776 2978 quae
794 2895 965 2976 dicuntur,
984 2900 1084 2962 necti.
1129 2903 1155 2966 A

94 2981 202 3068 poclis
225 3003 288 3044 nec
312 2989 387 3065 poet
413 2979 561 3064 primum
586 2978 780 3042 vocabulum
813 2980 1023 3062 collocatur,
1049 3006 1177 3049 num-,

92 3087 192 3152 quam
217 3086 342 3151 neque,
372 3074 406 3127 ct
427 3085 489 3127 nec
511 3064 543 3128 iu
573 3063 768 3148 compositis
792 3065 917 3146 verbis,
946 3066 1003 3133 ubi
1028 3070 1154 3157 copula

91 3150 291 3235 requiritur,
311 3168 380 3212 non
398 3157 548 3212 mutatur
563 3146 595 3209 in
616 3170 740 3234 neque:
762 3170 839 3214 nam
859 3173 927 3214 non
944 3151 1068 3219 dicitur
1087 3179 1152 3220 ne·

91 3257 154 3322 que
170 3235 297 3320 opino,
319 3233 375 3298 sed
397 3233 629 3318 necopinaque
649 3232 706 3318 (cl.
724 3233 919 3324 Zinserling.
940 3236 1021 3302 Crit.
1037 3238 1152 3305 iuven.

748 1436 751 1441 ¹
764 1438 785 1453 ἰι
793 1446 805 1453 ι-

89 3342 127 3409 p.
150 3321 231 3469 ml
281 3318 502 3403 intelligitur,
531 3339 591 3380 cur
622 3319 798 3406 scriptores
827 3319 892 3398 ibi,
924 3319 979 3387 ubi
1012 3327 1149 3410 negatio

90 3426 166 3471 oum
184 3429 200 3469 a
217 3407 292 3490 iqua
315 3406 345 3468 vi
365 3402 493 3466 cuidam
516 3401 677 3466 vocabulo
696 3402 843 3485 additur,
865 3416 900 3468 ut
919 3404 1001 3471 bene
1026 3409 1149 3474 obser-

89 3493 175 3555 uarit
202 3492 405 3576 Wagnerua,
426 3510 487 3550 rrcc
511 3510 636 3572 ponere
660 3490 798 3552 soleant.
841 3491 1007 3556 Nimirum
1033 3496 1150 3561 omni·

88 3574 155 3639 bue
174 3573 224 3637 lris
240 3573 397 3637 convenit
418 3572 671 3637 demonstrativa
695 3574 866 3660 particula.
909 3576 1056 3644 Relativa
1085 3602 1148 3644 au-

87 3669 154 3724 tem
179 3657 309 3735 formu,
340 3657 379 3722 ab
404 3658 498 3721 initio
521 3660 699 3722 sententiae
724 3658 902 3741 collocata,
939 3686 980 3727 eo
1016 3664 1149 3747 dissert,

87 3741 178 3832 quod
203 3765 244 3808 ex
266 3740 533 3807 antecedentibus
583 3743 680 3807 endet
704 3753 736 3806 et
759 3744 934 3831 copulandi
959 3749 1023 3812 rim
1051 3753 1085 3813 in
1111 3775 1149 3816 se

84 3828 202 3895 habete
227 3826 285 3893 ubi
302 3828 424 3914 duplex
438 3829 473 3892 in
490 3765 599 3892 merlin
616 3828 768 3892 oratione
810 3830 939 3905 onitur,
965 3835 1051 3896 ratio
1074 3859 1148 3901 non

83 3915 146 3981 olio
163 3923 321 3999 estquam
335 3912 367 3976 in
385 3935 590 3999 qiua—qun.
607 3923 639 3977 ct
653 3949 696 3962 -
711 3924 755 3977 ct.
778 3851 850 3979 l'cc
867 3936 952 3985 uero,
971 3919 1064 4002 qnod
1083 3943 1148 4006 per

82 4022 119 4071 aa
135 3997 275 4074 dicitur,
296 3995 334 4060 fit
348 4019 452 4082 neque
467 4019 567 4068 vero,
591 3996 645 4060 ubi
665 4000 826 4062 sententia
842 4020 917 4063 curn
939 4005 1146 4069 anteceden-

84 4094 116 4150 te
139 4086 291 4152 oratione
312 4084 453 4146 nectilur
478 4091 511 4147 ct
533 4101 645 4145 aeneus
676 4092 726 4146 est
757 4094 791 4146 et
818 4105 895 4147 uero
917 4107 997 4150 noa.
1049 4090 1144 4155 Haec
