2662 4906
139 256 181 323 ts
625 254 695 320 NE.

208 428 271 498 osiel
295 432 363 480 reete
385 426 528 479 monstres?
563 423 917 489 toletanensi
941 427 1018 479 Fam.
1042 421 1086 486 15,
1105 420 1133 486 1,
1151 420 1193 473 144.

207 514 255 566 boe
274 518 361 564 nutent
374 518 539 578 temporem
553 527 607 562 sae
629 512 666 562 sie
689 511 783 574 babet,
802 518 882 562 ut-
846 527 1025 562 -ssrnsnuns
1048 507 1225 577 perionis·

207 597 259 659 sit,
283 613 317 649 ue
338 596 563 648 omittendeesint
581 613 669 648 omnes
690 597 740 647 bne
759 595 915 664 prouinciae.
952 611 979 662 p.
998 593 1070 646 Sull.
1092 589 1137 655 13,
1151 591 1225 653 au

210 677 414 746 14484419

224 818 257 878 9.
280 813 391 878 Sed
363 836 422 878 ιιιι
414 814 531 878 (loeti
548 835 648 901 quum
668 814 784 877 locos'
776 815 997 888 invenissent,
1022 814 1055 877 in
1074 808 1225 910 quibus

142 911 179 965 bt
199 910 276 987 post
291 922 404 964 vereor
422 922 485 987 pro
502 924 562 973 ne,
587 910 641 964 out
662 924 705 963 ne
721 911 752 963 et
768 911 803 963 nt
821 924 890 964 non
892 923 968 999 pao
990 909 1027 961 ut
1046 898 1225 996 positum

144 985 324 1061 videretur,
347 985 400 1049 olii
418 996 590 1071 utromque
605 985 733 1049 dicendi
753 982 903 1050 formatn‘
922 984 1069 1049 eiusdem
1091 983 1189 1068 signi·
1222 946 1225 1059 4

142 1070 304 1135 ficationis
322 1093 392 1135 esso
415 1074 662 1152 existimarunt,
687 1072 740 1136 olii
765 1082 888 1135 certam
909 1071 1056 1158 regulam
1076 1079 1189 1131 teaaen
1220 1062 1225 1141 4

142 1168 189 1221 tes
216 1155 312 1220 verbo
337 1158 552 1256 corruptione
581 1157 734 1220 laborare
762 1157 947 1220 cetosebout.
999 1155 1091 1219 luter
1120 1153 1189 1218 illos

142 1241 236 1308 fuere
264 1241 435 1316 Sanctius,
463 1242 561 1306 Laur.
591 1244 679 1307 Vallo
707 1242 853 1327 Elegant.
879 1248 917 1318 8,
941 1247 991 1306 27.
1024 1242 1190 1304 Victorius

143 1329 321 1415 castigat.¹
313 1348 344 1391 ιιι
371 1328 437 1392 Cic.
466 1351 496 1412 p.
515 1332 587 1393 499.
610 1351 650 1391 ox
675 1327 724 1391 his
750 1332 960 1394 nominamus
982 1325 1189 1392 Perizonium

143 1414 183 1479 od
210 1414 320 1477 Sanot.
343 1413 427 1477 Min.
451 1416 482 1492 4,
500 1417 550 1478 45.
576 1417 700 1500 pem
726 1415 827 1478 Geiuh
856 1415 1007 1477 Vossium
1031 1411 1072 1475 de
1101 1413 1190 1474 Cou-

141 1510 256 1565 struot.
279 1503 331 1562 67.
355 1520 385 1583 ρ.
410 1503 484 1563 604.
510 1499 747 1578 Steweehium,
772 1500 941 1563 Clarkium
964 1510 995 1562 et
1017 1498 1127 1562 Dotis.
1153 1494 1189 1558 sd

143 1587 233 1650 Caes.
250 1583 287 1648 B.
304 1584 379 1670 gall.
400 1588 430 1653 5,
454 1588 507 1647 47.
554 1587 707 1665 Quorum
730 1587 889 1650 sententio
916 1607 1002 1647 nunc
1028 1583 1188 1646 librorum

7 1738 12 1745 ,
117 1672 355 1756 ..autiquoaum
381 1670 590 1733 documentis
617 1674 693 1736 sotis
714 1681 763 1733 est
789 1670 927 1735 firmata.
978 1669 1189 1754 Aliquantum

143 1755 257 1820 dillert
276 1777 385 1819 oousso
405 1757 439 1820 iu
461 1779 531 1819 non
555 1778 688 1832 vereor,
706 1756 803 1841 quod
831 1780 893 1844 pro
919 1754 1088 1833 arbitror,
1107 1765 1189 1840 puto

142 1842 272 1908 dicitur.
318 1840 453 1904 Viden.
477 1847 527 1904 11.

244 1961 336 2013 Plout.
359 1959 464 2011 Bnecb·
486 1958 514 2022 4,
537 1958 564 2023 5,
587 1959 613 2010 2.
640 1959 760 2011 insonum
781 1977 909 2029 mognnm
931 1960 1025 2012 molior
1057 1961 1189 2029 negotium

206 2054 356 2112 metuoque,
373 2035 514 2112 nepossirn
533 2044 666 2096 emoliricr.
701 2044 753 2095 Sed
772 2043 819 2095 olii
844 2043 966 2099 sudines:
994 2050 1023 2095 ut
1042 2044 1120 2096 bodie
1133 2061 1189 2112 pos·
1221 2066 1225 2073 ·

207 2133 256 2183 sins
279 2130 416 2181 emolirisr.
452 2128 509 2183 cto.
532 2129 565 2180 orl
589 2128 665 2183 Fam.
686 2128 788 2191 12,1tt‚
809 2130 833 2180 1.
861 2147 913 2180 non
934 2130 1000 2181 enim
1024 2130 1188 2199 dasbitobnsn,

207 2216 269 2281 quin
291 2212 335 2265 ens
357 2214 476 2265 lubenter
491 2216 604 2265 lecturus
625 2232 706 2265 esses:
726 2217 847 2276 verebar,
871 2231 902 2264 ne
920 2196 1097 2265 redderentur.
1133 2213 1188 2264 lant
1215 2224 1225 2259 .'

209 2294 373 2351 Gebhardus
389 2315 405 2347 e
420 2295 497 2348 libris
515 2298 645 2366 palatinis
663 2309 690 2350 ot
707 2297 840 2350 vaticanis
855 2296 1014 2348 restituerat
1028 2306 1068 2349 ot.
1088 2294 1188 2364 5,1,1.
1223 2332 1225 2337 .

207 2400 313 2447 vereor,
328 2401 368 2452 'ne
382 2384 523 2435 consolatio
539 2374 593 2435 itta
607 2384 686 2451 possit
700 2400 762 2433 uera
777 2383 883 2449 reperiri
897 2389 998 2450 praeter
1018 2382 1103 2432 illam.
1138 2379 1188 2432 Set

208 2461 269 2519 nbi.
286 2465 383 2520 medio.
400 2474 428 2518 et
442 2464 477 2530 ii,
497 2466 594 2535 qaribus
608 2466 756 2519 Lambinus
772 2483 837 2517 nsns
858 2474 915 2529 est,
933 2465 1018 2515 natio.
1053 2483 1079 2531 p.
1096 2464 1189 2517 Pione.

208 2549 253 2614 49,
268 2548 310 2602 tu.
338 2569 416 2620 qnam
434 2561 605 2621 tempestatem
622 2571 669 2604 nos
687 2553 814 2604 vobiscum
840 2568 888 2603 non
903 2552 1066 2611 tulissemus,
1089 2551 1190 2610 metuit,

209 2643 239 2686 nt
251 2653 307 2686 eom
322 2637 375 2704 ipse
394 2653 445 2686 non
457 2645 540 2703 posset
557 2640 647 2706 opibus
660 2639 714 2688 suis
729 2637 860 2688 sustinere.
895 2635 938 2686 Its
954 2631 1019 2686 libri
1036 2639 1079 2684 sut
1096 2630 1189 2684 multis

208 2734 294 2783 quaro
321 2718 438 2771 correxit
465 2720 611 2774 Lambinus
639 2740 672 2774 ne
696 2749 729 2788 ··.·
754 2738 806 2771 non
828 2728 926 2789 posset.-
954 2717 1002 2769 setl
1030 2714 1190 2767 iamdudum

208 2802 276 2854 illud
293 2822 360 2867 non,
389 2803 453 2856 stin
480 2804 558 2857 libris
581 2805 806 2868 assentientibus,
827 2803 956 2853 omissum
975 2805 1024 2852 est.
1061 2801 1189 2867 ublate.

207 2886 234 2951 4,
254 2888 297 2939 12.
313 2907 420 2952 uereor,
438 2898 468 2941 nt
484 2892 530 2941 boo
547 2930 556 2953 ,
575 2894 642 2960 qnod
656 2894 760 2953 disum,
777 2908 829 2942 non
843 2890 949 2957 perinde
964 2886 1080 2953 intelligi
1096 2886 1189 2937 anons

206 2976 303 3043 possit,
321 2983 395 3042 utque
410 2991 460 3042 ego
473 2976 526 3041 ipse
540 2977 661 3045 cogitans
673 2977 763 3028 sentio.
804 2973 901 3026 critici
920 2970 1090 3039 seripserunt
1106 2987 1141 3020 ne
1158 2995 1189 3006 ·-

207 3074 275 3119 non‚
293 3057 340 3109 sed
359 3057 408 3109 olii
423 3058 569 3111 Αιιιιιιὶιιιιι
586 3059 693 3128 soqunti
711 3060 874 3128 expulerunt
890 3074 949 3109 nou.
986 3053 1063 3104 ldem
1084 3053 1189 3106 lactum

206 3145 249 3192 est
271 3140 298 3193 in
315 3142 397 3193 Tusc.
420 3143 445 3205 2,
461 3141 504 3203 29,
529 3143 571 3196 tu.
593 3153 621 3197 st
642 3144 669 3195 in
696 3145 777 3196 unes.
800 3143 834 3195 ntl
856 3143 975 3194 llos-eun.
991 3136 1017 3201 3,
1035 3138 1062 3203 6,
1079 3138 1124 3189 14.
1142 3132 1208 3189 ιι4ιίΙ

207 3232 350 3278 tamenne
365 3250 399 3264 ·—
416 3246 467 3279 non
485 3235 626 3294 posature
651 3229 776 3291 vitietur,
801 3244 852 3279 nee
877 3227 992 3278 obseura
1014 3223 1190 3290 corruptelas
1221 3207 1225 3277 4

208 3323 304 3362 caussa
321 3318 371 3363 est.
405 3311 436 3363 Ιιι
458 3310 542 3378 Epist.
565 3312 599 3365 etl
617 3311 711 3377 Διιι,
727 3312 770 3364 12.
794 3310 948 3364 restitutum
967 3306 1072 3377 legitur
1091 3325 1188 3372 vereor,

207 3409 241 3444 ne
256 3420 291 3432 —·
310 3412 359 3446 non
372 3396 461 3462 possit.
496 3395 572 3449 (Ises.
590 3399 621 3449 B.
637 3399 704 3466 gell.
727 3396 754 3460 5,
773 3394 816 3448 41.
839 3395 964 3446 bobienses
982 3419 1018 3430 -
1035 3395 1144 3457 neritus,
1167 3392 1189 3444 si
1223 3388 1225 3397 '

207 3494 237 3528 ex
252 3478 363 3529 bibernis
371 3484 459 3547 fugae
474 3479 582 3532 similem
593 3485 774 3551 prosectionem
789 3481 911 3546 fecisset,
932 3485 962 3528 nt
979 3480 1091 3531 bostiam
1110 3479 1189 3545 impe·

206 3567 261 3610 tom
278 3561 401 3613 sustinere
416 3581 467 3616 ιιιιιι
481 3572 574 3631 ροιιι4.
608 3565 685 3619 Νιιιιι
704 3565 876 3617 emondstum
889 3580 936 3624 ne,
954 3563 977 3613 si
993 3589 1044 3626 —-,
1063 3579 1114 3613 non
1130 3578 1188 3629 pos·

114 3659 117 3668 ·
209 3650 263 3707 set,
285 3651 314 3695 ut
329 3644 432 3697 babent
448 3648 560 3700 codices.
595 3651 709 3717 Quintil.
731 3649 757 3712 Β,
781 3648 806 3712 3,
828 3647 871 3699 25.
896 3645 1188 3708 ιιιιιιιι,ιι4ιίιιιιίιιιι

199 3733 277 3795 seret
300 3732 442 3798 orrisqnom.
476 3734 661 3789 Emendurunt
674 3734 763 3787 critici
781 3734 930 3785 scribentes
945 3748 1004 3791 nos,
1025 3730 1099 3798 qaaosl
1117 3728 1188 3795 opti·
1223 3740 1225 3747 '

208 3810 245 3861 mi
260 3812 366 3865 codices
380 3817 548 3870 conlirtnnut.
583 3819 700 3886 Apertam
721 3826 762 3870 est
777 3833 854 3869 errari
872 3818 909 3868 lo.
934 3817 1013 3880 cusp.
1031 3814 1137 3865 ls'lumii
1162 3814 1187 3863 in
1215 3802 1225 3825 ²

206 3894 392 3951 Animadvers.
415 3902 447 3953 atl
474 3901 572 3955 Vorstii
597 3905 697 3955 librum
722 3904 756 3954 de
778 3903 853 3955 latiu.
878 3900 975 3953 merito
1001 3915 1074 3964 susp.
1101 3901 1128 3962 §.
1144 3895 1186 3951 46.

206 3997 288 4046 quum
314 3983 397 4037 allent
412 3988 514 4041 Lusnu.
532 3987 557 4049 7,
574 3987 634 4038 nu.
662 3990 706 4040 sert
728 3989 812 4038 timuit
833 3994 914 4036 strato
935 3985 1007 4034 mites
1028 4001 1058 4032 ae
1080 3997 1188 4047 corpmo

205 4065 301 4136 Magni
318 4087 367 4121 nou
377 4077 496 4140 sugeret.
532 4072 698 4126 Sententiam
715 4075 785 4124 besto
803 4069 1058 4137 exposuittiottius.
1094 4066 1186 4118 litium
1223 4114 1225 4119 .
