2662 4906
140 332 202 400 150
576 334 743 403 NEDVM.

210 502 394 574 dissipabimus
409 503 465 569 ita,
482 507 511 557 ct
532 504 620 557 acardi
629 507 822 570 ferramentum
840 500 977 567 sanarat
1000 500 1086 573 possit
1109 503 1189 570 osfer-

210 590 278 642 dere.
311 587 453 643 Editioaes
468 587 541 641 lunii
557 585 726 657 aliorumque
739 586 869 640 omittant
885 594 924 641 ut.

226 687 257 762 t)
282 683 491 746 Commutato
509 690 586 744 sunt
602 703 675 747 voc.
700 703 762 747 aec
785 677 844 742 nbi
868 689 900 745 ct
929 701 990 744 nec
1012 676 1079 743 tibi
1104 677 1188 765 apud

143 765 266 834 Lucan.
289 765 313 831 l.
328 766 351 833 l.
374 778 470 832 etna
493 766 550 830 cui
574 767 662 856 apud
686 767 833 832 Lactant.
857 763 880 828 l.
898 764 921 828 l.
950 764 1005 829 vd.
1027 762 1149 828 Cellar.
1163 775 1189 828 et

144 851 351 919 Biiaemanu.
395 853 483 917 Alias
499 854 776 920 commutationes
792 850 917 916 notavit
937 846 1188 917 Drakenborch.

145 936 187 1004 aa
203 937 271 1004 nv.
287 940 343 1020 ss,
358 937 410 1020 49,
427 943 457 1003 r.

534 1122 791 1211 NEDVM.

230 1279 448 1346 Grammatici
471 1279 669 1344 vocabulum
687 1277 813 1342 aedium
838 1285 876 1343 ut
899 1276 1127 1364 explicarent,
1157 1275 1189 1340 ad

147 1363 277 1451 ellipsin
302 1363 508 1431 statuendam
535 1363 768 1451 confugiebant
792 1373 823 1427 et
846 1384 960 1450 graeca
987 1360 1029 1444 ps}
1053 1357 1128 1437 ὅτι,
1154 1363 1189 1444 pn*

146 1444 232 1526 ’ὅπως
247 1460 496 1552 comparantes,
517 1450 701 1532 docebant,
722 1446 848 1513 neurim
864 1449 990 1513 omisso
1009 1448 1115 1512 verbo
1131 1469 1190 1511 esse

146 1555 211 1622 pro
233 1558 276 1600 ne
296 1535 421 1600 decom.
470 1539 511 1601 At
534 1536 625 1623 quod
647 1557 708 1623 per
724 1557 759 1600 sc
784 1543 930 1610 constat,
958 1532 1188 1621 supplemento

125 1630 129 1637 '
146 1640 216 1684 non
234 1633 319 1708 eget.
357 1622 662 1688 Demonstravimus
679 1643 722 1684 ne
738 1642 815 1685 cnm
831 1618 947 1683 maiori
965 1619 1125 1706 gravitate
1139 1640 1190 1682 ne·

147 1706 316 1792 gationem
349 1707 537 1793 exprimere
570 1718 602 1773 et
633 1709 668 1771 in
699 1705 863 1795 oppositis
891 1703 990 1768 rebus
1016 1700 1192 1791 significare

49 1822 52 1829 ·
150 1812 242 1869 earn,
265 1813 349 1879 quae
367 1793 477 1856 minus
503 1813 603 1881 quam
628 1792 708 1856 aliae
731 1801 807 1856 unte
831 1789 936 1854 dictae
964 1789 1014 1854 vel
1040 1790 1192 1877 cogitatae

88 1946 91 1969 ι
147 1888 301 1965 suppetat
333 1888 388 1943 ant
411 1877 506 1942 nulla
531 1889 630 1966 pacto
662 1876 862 1942 admittatur.
906 1874 942 1938 ld
966 1876 994 1940 si
1020 1876 1095 1961 quis
1123 1895 1191 1939 ver·

148 1958 198 2025 bis
214 1985 257 2027 nc
274 1960 410 2044 alicam,
430 1985 474 2027 ae
495 1963 569 2051 qais
592 1963 689 2027 dicat
710 1973 743 2027 et
767 1961 956 2048 germanico
983 1959 1194 2047 gesclsweige

150 2049 365 2133 expresserit,
386 2051 582 2116 sententiam
605 2049 729 2112 tenebit
751 2046 822 2112 fere
851 2044 1020 2125 eamdem,
1043 2066 1115 2111 uon
1140 2066 1195 2109 ex·

149 2132 288 2223 plicabit
316 2133 523 2220 particulam.
582 2132 669 2198 Nam
695 2135 766 2222 ipsa
797 2132 877 2198 hacc
905 2132 1067 2220 particula
1090 2131 1194 2205 sicem
1232 2182 1234 2205 ,

147 2219 393 2282 coniunctionis
416 2229 579 2305 praestat,
600 2240 684 2305 quae
707 2228 785 2306 post
805 2239 840 2282 sc
864 2218 1115 2289 coniunctivum
1140 2216 1194 2280 bo·
1232 2226 1234 2242 '

146 2300 214 2368 bet.
248 2304 428 2380 ‚Praeterea
449 2326 525 2368 cum
544 2303 999 2383 aeconiunctumestdnm‚
1043 2302 1196 2382 uod,uti

146 2388 214 2452 iam
239 2387 343 2453 Tom.
371 2393 403 2452 2.
431 2411 465 2477 p.
491 2394 552 2455 291
581 2399 615 2453 et
637 2394 713 2454 322.
746 2389 986 2467 demonstravi,
1020 2326 1197 2455 decursum

146 2476 310 2557 temporis
327 2472 449 2538 indicat
464 2485 496 2538 et
514 2475 554 2538 ad
573 2475 754 2559 aagendam
766 2475 974 2560 negationem
989 2474 1035 2538 ita
1046 2472 1198 2553 refertar,

148 2567 187 2621 nt
207 2559 396 2645 germanico
423 2559 594 2625 dirrclsans
620 2561 713 2624 nrclst
737 2560 948 2646 respondeat.
995 2559 1037 2622 Et
1058 2558 1143 2624 illud
1161 2581 1199 2623 ne

150 2662 255 2730 quum
273 2642 510 2732 prohibitivum
532 2655 730 2733 potestatem
754 2644 889 2724 babeat,
915 2643 1011 2709 etde
1035 2643 1074 2709 iis
1101 2665 1198 2709 usur-

149 2739 267 2816 petur,
297 2750 381 2819 quae
404 2731 440 2795 in
460 2731 660 2818 cogitatione
685 2731 860 2808 tollantur,
892 2730 939 2794 uti
966 2750 1126 2816 graecum
1151 2726 1199 2811 μή,

147 2816 259 2901 ipsum
275 2813 437 2900 significat
451 2839 494 2881 ne
510 2816 584 2904 quis
603 2815 699 2880 (licat
715 2819 783 2881 sive
805 2816 952 2903 cogitet,
974 2817 1201 2904 germanicum

147 2897 338 2986 abgeselien
362 2924 436 2966 vost.
479 2902 523 2967 Et
543 2903 731 2986 comparari
760 2912 935 2989 potestne
962 2902 1095 2966 innisi.
1139 2900 1202 2964 Sed

148 2995 226 3049 sunt
257 2988 436 3063 dictiones,
470 2986 504 3050 ia
532 2986 651 3073 quibus
683 2987 897 3074 explanandis
925 2986 1083 3052 adhibere
1108 2985 1200 3049 nnllo

144 3070 252 3136 modo
279 3073 384 3159 possis
410 3071 575 3137 verbane
603 3071 737 3149 dicam,
765 3072 883 3159 quibus
906 3072 1140 3136 adscendimus
1162 3069 1199 3134 ad

145 3159 273 3221 maiora
287 3167 319 3221 ct
330 3159 491 3241 graviora,
510 3180 593 3245 quae
609 3157 719 3244 eloqui
736 3179 811 3222 cum
830 3156 970 3244 quadam
991 3158 1201 3221 cunctatione

147 3241 316 3393 pprderanps.
346 3244 544 3331 Comparari
558 3245 657 3330 igitur
675 3243 795 3309 debent
810 3265 925 3331 graeca
944 3239 985 3326 μή
1002 3268 1089 3307 τι-
1104 3266 1147 3327 γε,
1162 3240 1201 3323 μή

154 3396 156 3400 .
191 3350 223 3410 7²
255 3352 287 3410 ll·

251 3445 376 3500 Absurde
398 3445 582 3513 centuplata,
600 3463 681 3517 qnam
702 3446 865 3501 Sehcllcrns
887 3447 915 3500 in
931 3447 1080 3501 Observat-
1102 3463 1130 3516 p.
1143 3445 1201 3501 18⁹.

215 3514 358 3582 proposuit
371 3513 414 3568 his
430 3517 538 3575 verbine
562 3520 681 3581 ‚madata
696 3516 804 3571 ridetur
826 3534 886 3571 esse
901 3519 1052 3571 conflatura
1074 3533 1091 3569 o
1112 3533 1147 3571 ae
1162 3517 1201 3569 di-

175 3638 187 3659 ]
215 3602 274 3645 cora
289 3600 337 3650 per
352 3584 573 3643 contractionem.
581 3588 598 3616 ‘⁸

232 3694 318 3757 Vsus
336 3692 434 3758 huius
451 3695 599 3760 vocabuli
614 3717 682 3760 noa
700 3694 740 3759 ad
756 3694 983 3779 antiquissima
1000 3695 1135 3760 videtur
1151 3704 1202 3758 at-

150 3777 286 3842 tinuisse
304 3788 465 3866 tempora‚
482 3782 515 3844 in
532 3781 650 3867 quibus
668 3803 710 3845 ne
731 3779 874 3866 simplex
890 3780 1076 3845 dicebatur.
1104 3778 1202 3867 Apud

152 3862 350 3942 Terentiam
366 3864 492 3942 nestram
508 3866 629 3938 semel.
653 3865 739 3957 apud
759 3865 910 3929 Plautum
929 3888 1097 3951 nataquam
1119 3865 1200 3951 legi-

148 3957 215 4021 tur.
257 3949 345 4018 Nam
361 3948 495 4015 deloco
513 3952 586 4016 Cas.
605 3955 637 4032 5,
653 3954 683 4025 -l,
700 3955 753 4019 28.
772 3951 846 4016 vide
863 3952 1028 4017 Gronovii
1042 3960 1176 4016 notam.

233 4068 295 4143 Per
318 4067 445 4138 nedem
469 4091 519 4134 res
539 4069 668 4134 tollitur
683 4070 839 4143 omnino.
862 4081 961 4155 atque
986 4069 1110 4135 dicitnr
1134 4092 1200 4134 non

149 4151 496 4232 inconsiderationem
516 4157 638 4221 venire.
679 4154 717 4218 ld
735 4176 812 4221 vcro
835 4157 870 4218 in
893 4158 1045 4243 negativa
1067 4166 1198 4222 sentcn-
