2662 4906
229 301 270 362 to
714 299 784 366 NE.

233 471 275 532 tia
305 469 334 530 in
358 467 493 530 atinam
516 491 575 533 ne.
602 490 672 531 non
698 479 775 530 saint
800 464 999 553 probabilia,
1032 487 1138 552 neque
1161 469 1284 532 maiori

220 554 262 618 ai
281 553 345 615 hoc
366 551 462 639 distin
488 555 577 617 uitur
598 555 683 637 apud
712 565 832 618 veteres
852 555 987 639 quidem
1006 552 1163 618 Latinos.-
1185 576 1285 641 quare

230 640 381 736 Dariatua
397 639 436 700 ad
454 578 590 702 'iurent
606 639 746 719 ‘Phorm
768 647 804 721 t,
824 645 863 721 8,
882 641 912 705 5.
938 649 1032 703 cocat
1048 650 1194 705 veterem
1217 640 1284 705 elo-

206 759 209 765 ·
232 735 412 788 atilionem.

258 906 262 917 .
345 864 448 919 Ennius
465 865 535 934 apud
552 868 688 919 Donatum
707 867 726 919 Ι.
742 867 760 920 l.
777 868 881 920 utinum
893 884 924 919 ae
939 865 966 917 in
979 883 1084 932 nemore
1099 856 1171 925 Pelio
1187 868 1282 922 meare

169 954 172 959 '
247 996 253 1025 :
298 948 345 1001 buc
359 966 434 1001 curro
456 952 584 1005 cecidimrt
599 955 712 1022 abiegno
734 953 770 1004 od
793 958 892 1005 terrum
911 951 1004 1004 trata.
1038 951 1149 1005 Terent.
1169 954 1280 1007 Phorm.

229 1102 232 1109 Ι
302 1034 328 1096 1,
346 1034 372 1096 3,
389 1032 415 1088 5.
441 1036 508 1104 quod
529 1038 629 1088 atinum
645 1054 677 1088 ne
690 1037 843 1089 Phormioni
866 1037 895 1088 id
914 1038 1022 1089 raudera
1044 1037 1071 1087 iu
1088 1045 1200 1090 mentem
1218 1042 1281 1092 iuci-

228 1180 232 1189 ·
298 1118 396 1193 ¹ritaret,
414 1137 463 1173 nea
486 1137 527 1173 mc
549 1123 670 1191 rapidam
692 1139 721 1181 ea
742 1121 892 1190 impultaaat.
928 1121 1034 1174 Cicirri
1051 1121 1130 1176 Fam.
1150 1121 1178 1187 5,
1194 1123 1238 1189 17,
1257 1123 1281 1176 6.

301 1202 365 1257 rum
379 1207 481 1259 aliarum
496 1223 529 1259 nc
543 1224 599 1260 cere
613 1207 754 1261 mitram.
774 1206 782 1216 '

347 1306 404 1377 Cic.
423 1308 458 1361 nti
475 1309 529 1361 mc
543 1309 587 1376 11,
601 1308 626 1362 9.
643 1310 708 1367 hoco
719 1308 755 1359 od
770 1314 794 1359 te
812 1307 855 1360 dia
869 1307 955 1359 notati
969 1324 1024 1360 raca
1036 1308 1129 1378 accipet
1137 1328 1146 1361 r
1163 1328 1213 1379 quo
1228 1311 1281 1363 uti-

302 1410 364 1444 num
380 1401 510 1462 surreptam
527 1411 578 1444 non
593 1411 679 1456 errem,
700 1400 745 1444 out
760 1410 793 1444 ue
808 1393 870 1460 quid
886 1409 915 1443 cr
927 1393 1017 1444 eodem
1029 1401 1112 1445 natm
1127 1402 1218 1467 posteo
1231 1415 1282 1448 nu-

302 1485 358 1529 tum
371 1486 441 1530 earet.
474 1478 507 1531 nd
519 1478 610 1544 Quint.
625 1479 660 1530 ir.
675 1478 699 1541 1,
713 1475 739 1527 8.
757 1483 826 1527 extr.
845 1477 889 1528 cert
902 1478 966 1527 tinec
978 1477 1079 1528 utinum
1092 1495 1144 1529 non
1160 1481 1283 1548 experiu-

232 1545 235 1551 ’
299 1577 337 1611 re.
371 1561 418 1612 atat
434 1579 515 1629 quum
531 1580 581 1614 nan
596 1562 668 1616 absit
683 1579 699 1615 n
715 1559 807 1612 cadite
825 1558 957 1624 mediceo,
974 1559 1058 1611 dubie
1072 1560 1181 1620 ridetur
1195 1581 1282 1630 quae-

304 1642 366 1695 stio.
401 1643 515 1712 Quintil.
538 1646 564 1709 1,
580 1645 606 1711 2,
621 1645 647 1700 6.
672 1647 773 1703 utinam
797 1644 934 1709 Humerum
954 1654 1100 1699 nostrornm
1121 1664 1207 1710 marea
1228 1667 1282 1712 nan

303 1728 353 1797 ipsi
365 1730 537 1798 perderemur.

322 1896 360 1965 ΙΙ.
390 1909 417 1966 1.
442 1898 511 1976 Ne,
534 1901 621 1987 quod
639 1903 808 1966 notionem
826 1899 960 1971 alicuine
984 1901 1030 1964 rei
1051 1901 1093 1964 ita
1120 1897 1224 1980 tollit,
1249 1912 1282 1966 ut

231 2006 277 2050 'ne
300 1987 462 2072 cogitetur·
477 1989 609 2074 quidem
627 2010 695 2050 esse
711 2009 799 2056 rem.
825 1997 938 2073 aptum
955 1996 1024 2049 erat
1042 1987 1138 2050 etiam
1156 1985 1196 2049 ad
1222 2010 1284 2051 ue·

185 2092 195 2103 ·
235 2071 376 2156 gandam
392 2082 500 2136 totam
514 2074 659 2159 aliquam
682 2073 899 2142 sententiam.
923 2094 1040 2135 caveae
1059 2092 1101 2135 ne
1118 2072 1284 2156 cogitare·

234 2168 289 2221 tur
309 2161 466 2223 exsistere
490 2158 538 2221 vel
554 2181 625 2223 esse
644 2155 695 2237 id,
718 2159 808 2243 quod
825 2156 1009 2224 dicebaturr
1036 2157 1177 2241 ideoque
1196 2156 1283 2226 facta

235 2252 284 2308 cet
307 2245 495 2308 coniunctio
518 2243 687 2307 sententiis
711 2243 963 2329 interponenda.
1007 2241 1154 2309 Tantum
1187 2243 1298 2328 igitur'

225 2323 335 2408 abest,
353 2341 385 2392 ut
398 2350 471 2392 cum
490 2328 683 2414 quibusdam
702 2330 924 2414 grammaticis
938 2329 1096 2406 dicamus,
1111 2351 1154 2399 ne
1165 2331 1286 2395 omissa

235 2415 335 2479 attera
362 2414 520 2500 particula
542 2415 623 2502 poni
647 2436 709 2501 pro
729 2426 766 2479 ut
788 2437 850 2493 ne,
870 2424 907 2480 ut
932 2425 1087 2497 putemus
1107 2436 1150 2479 ae
1169 2436 1231 2504 per
1250 2438 1286 2480 ee

236 2504 333 2565 etiam
360 2501 394 2567 iu
410 2499 473 2562 hoc
499 2520 558 2562 usu
580 2510 677 2563 stare.
719 2499 834 2586 Neque
853 2501 941 2564 enim
967 2498 1147 2584 respondet
1164 2520 1283 2584 graeco

233 2583 345 2664 ἵναμὴ,
368 2607 512 2671 quocum
526 2596 692 2672 comparat
705 2584 872 2649 Charisius
885 2588 1000 2668 peon.
1011 2583 1066 2648 sed
1076 2585 1218 2671 simplici
1234 2585 1285 2668 μὴ,

235 2691 304 2757 quo
321 2672 366 2749 ie,
389 2672 443 2755 qui
464 2672 628 2756 loquitur,
651 2681 758 2747 cavet,
782 2694 824 2734 ne
841 2670 1037 2755 cogitatione
1055 2682 1198 2756 ponatur
1214 2696 1286 2735 erse

236 2778 320 2819 rem.
363 2754 409 2819 Ita
430 2754 478 2833 fit,
502 2767 537 2820 ut
559 2781 600 2819 ne
618 2757 752 2841 recipiat
778 2757 841 2819 vim
860 2755 1114 2841 prohibitivum.
1140 2779 1203 2842 qur
1222 2759 1285 2822 ali-

235 2841 315 2925 quid
338 2842 465 2904 totlitur
491 2842 538 2906 vel
561 2854 769 2905 remoretur:
802 2860 872 2905 nec·
888 2863 937 2904 res
960 2842 1150 2927 respicitur,
1177 2844 1285 2926 quatio

184 2951 191 2970 ¹
237 2948 302 2989 aaa
321 2929 381 3001 sit,
403 2928 458 2990 ced
479 2938 513 2990 ut
531 2950 567 2992 eu
592 2951 656 2990 uon
673 2928 731 2995 sit.
758 2924 795 2988 fit
812 2927 1011 3010 cogitatione
1029 2924 1150 2990 eii'ccti.
1182 2929 1284 2994 Coni‘.

235 3011 336 3074 'l'onn
356 3019 387 3075 2.
414 3006 446 3099 p.
466 3020 515 3078 16.
565 3013 729 3076 Nimirum
763 3013 795 3073 iu
829 3013 930 3076 rebus
953 3011 1131 3076 efficiendis
1158 3011 1286 3099 duplex

237 3109 374 3182 apparet
393 3120 523 3170 cauasa,
549 3098 665 3169 attera.
686 3120 748 3182 qua
773 3097 936 3176 efficitur,
964 3109 999 3160 at
1017 3119 1069 3161 res
1089 3098 1132 3161 eit
1148 3098 1286 3182 aliquid,

237 3185 355 3260 attera,
381 3204 443 3267 qua
460 3183 619 3262 efficitur,
645 3185 728 3246 atsit
747 3206 816 3247 rese
840 3195 937 3269 atquc
954 3183 985 3245 iu
1004 3186 1177 3269 negatione
1191 3186 1285 3249 iiiam

235 3267 443 3356 designamus
460 3268 663 3354 interpositis
685 3269 850 3333 vocabatis
864 3280 901 3332 ut
921 3291 1008 3349 riou,
1029 3269 1115 3334 hanc
1132 3292 1192 3357 per
1208 3295 1263 3337 ne.

321 3429 349 3486 1.
379 3418 432 3486 Ne
455 3421 555 3506 igitur
579 3423 698 3486 indicat
721 3421 841 3508 aliquid
869 3424 1043 3509 negatione
1071 3423 1160 3500 tottt,
1192 3427 1283 3509 quod
1313 3492 1319 3504 ,

237 3505 285 3570 vei
303 3508 335 3571 ia
357 3505 495 3569 consilia
515 3506 562 3570 cel
580 3507 611 3571 iu
632 3507 789 3571 mandato
808 3507 856 3570 vel
874 3508 907 3570 in
932 3511 1012 3575 votis
1032 3519 1079 3572 eet
1095 3510 1207 3572 situm.
1238 3509 1283 3571 Ea

236 3593 323 3665 enim
343 3588 417 3676 paam
433 3593 628 3676 sententiae,
651 3616 733 3679 quae
750 3596 980 3679 coniungitur,
1004 3594 1127 3681 pendet
1151 3595 1285 3673 exalia,

236 3699 319 3763 quae
336 3688 389 3740 aut
406 3678 506 3741 animi
526 3678 724 3745 roitmtatem
743 3690 798 3743 aut
816 3683 980 3743 actionem
1006 3680 1047 3742 aii
1074 3701 1151 3742 uam
1174 3678 1285 3742 decia-

235 3775 285 3826 rat
303 3787 320 3826 e
338 3763 476 3826 consilio
495 3764 691 3847 prohibendi
712 3765 758 3828 vei
777 3764 975 3848 impediendi
997 3705 1191 3851 proiectam.
1223 3768 1285 3828 At-

236 3869 300 3932 que
325 3845 389 3910 hoc
417 3849 569 3912 omuibus
598 3848 794 3937 prohibendi
822 3849 926 3913 verbis
952 3872 1130 3914 commune
1155 3861 1220 3919 est,
1246 3864 1286 3913 ut.

234 3933 514 4014 non'quaiitatem
542 3938 585 3998 rei
620 3947 766 4008 mutent,
797 3935 852 3996 sed
880 3960 954 3999 earn
979 3942 1119 4000 omuino
1153 3936 1285 3999 tollant.

233 4019 303 4081 Noe
328 4021 483 4083 Germani
507 4021 538 4082 id
564 4021 797 4105 significamus·
812 4021 915 4084 verbis
940 4019 1050 4086 (latiali
1084 4021 1194 4101 uiolet,
1226 4022 1286 4084 sed

235 4104 330 4177 etiarn
349 4126 466 4191 parum
487 4105 636 4172 distincte
655 4105 759 4171 verbis
776 4103 855 4195 riusa
872 4107 976 4169 arelat.
