2662 4906
136 960 188 1077 lle
205 1031 329 1109 Qua
348 1010 528 1099 particulae
550 1031 624 1078 uara
648 1014 782 1103 eiusque
806 1014 914 1082 forma
939 1027 971 1081 et.
993 1020 1159 1106 primitiva

136 1093 352 1185 igniflcatrone
374 1096 518 1161 diximus
541 1098 607 1162 iam
630 1098 672 1164 Τ.
694 1101 736 1166 ll.
762 1126 797 1190 p.
816 1105 892 1167 874.
935 1102 1060 1170 Interea
1079 1105 1159 1170 novi

136 1182 270 1246 lectores
286 1182 493 1265 exstiterunt,
516 1184 572 1268 qui
588 1205 649 1248 nos
666 1187 705 1249 ad
721 1184 831 1252 fontes
847 1186 971 1253 indicos
991 1189 1159 1255 reducunt.

136 1256 164 1332 bi
181 1267 269 1332 euim
289 1268 471 1353 reperimus
489 1268 677 1334 adverbium
699 1295 826 1352 numu,
850 1273 938 1360 quod
954 1273 1002 1339 illi
1019 1295 1089 1339 esse
1109 1274 1160 1340 di·

139 1364 195 1416 unt
218 1352 438 1416 accusativum
464 1353 613 1419 vocabuli
633 1379 765 1421 naman
788 1357 822 1422 h.
847 1380 876 1422 e.
900 1380 1038 1422 nomen.
1080 1358 1160 1425 lude

136 1440 236 1503 'actum
254 1459 321 1501 esse
331 1447 448 1522 putant
463 1448 495 1502 et
510 1462 594 1502 nam
610 1452 642 1505 et
656 1446 880 1528 germanicum
896 1443 1054 1515 nsmlicls.
1077 1464 1160 1529 quae

137 1547 184 1587 em
211 1524 346 1587 nonrine
378 1545 394 1586 a
421 1523 574 1609 pellatam
600 1536 696 1612 atque
720 1527 946 1634 explicandam
965 1527 1160 1615 significent.

136 1607 167 1673 tf.
193 1609 356 1691 Hartung.
408 1630 425 1669 e
455 1608 605 1672 Particul.
637 1634 742 1698 graec.
778 1612 813 1678 Γ.
841 1621 869 1677 1.
900 1635 933 1699 p.
956 1617 1031 1677 480.
1089 1613 1159 1678 Nec

140 1697 290 1778 uinquam
323 1690 457 1776 negabit
493 1692 649 1758 vocabula
685 1720 832 1771 numan,
868 1720 1008 1772 nomeu,
1052 1696 1158 1780 ὄνομα,

136 1777 227 1843 t'cme
254 1776 350 1839 unius
374 1796 444 1838 esse
465 1778 611 1862 generis,
633 1790 728 1865 atque
743 1783 780 1845 ad
802 1783 885 1849 hanc
905 1784 1042 1869 stirpem
1059 1785 1156 1848 ctiam

136 1885 198 1927 rum
221 1858 336 1924 referri
355 1880 464 1942 posse.
510 1859 580 1923 lam
605 1862 780 1929 Palmarius
804 1870 837 1930 in
864 1867 1015 1954 Spicileg.
1036 1891 1069 1955 p.
1083 1871 1158 1933 747.

136 1949 193 2012 dit.
203 1943 565 2030 Grut.antiquissimam
583 1944 702 2012 latinae
716 1949 894 2036 particulae
909 1950 1159 2018 iormumiuisse

139 2057 216 2098 ame
238 2030 498 2096 existimaverat:
524 2049 591 2113 quo
618 2033 723 2095 modo
748 2034 839 2097 enim
863 2054 905 2097 ex
928 2057 1012 2099 vrum
1035 2035 1159 2102 factum

136 2119 173 2189 it.
205 2139 267 2204 ego
291 2113 488 2180 insecundo
515 2112 600 2177 libro
625 2115 799 2182 declaravi.
842 2117 892 2181 lbi
916 2121 1013 2183 etiam
1036 2143 1069 2208 p.
1087 2122 1160 2187 876.

137 2229 154 2270 e
180 2199 387 2276 discrimine,
412 2199 501 2286 quod
524 2195 610 2263 inr‘er
630 2211 804 2288 utramque
822 2223 939 2266 vocem
961 2203 1162 2270 intercedere

136 2291 273 2362 idcatur‚
290 2286 412 2349 dictum
432 2294 490 2349 est.
519 2287 565 2350 Au
592 2334 598 2344 .
619 2285 867 2352 Groteiendoin
886 2288 1034 2352 Gramm.
1044 2311 1075 2376 p.
1089 2292 1160 2355 175.

136 2377 218 2441 isurn
237 2381 303 2437 erat
319 2372 411 2435 enim
426 2371 525 2455 poni,
547 2309 601 2434 nii
618 2371 810 2437 antecedens
828 2374 989 2436 sententia
1016 2373 1158 2438 demon-

136 2472 235 2525 tretur
262 2459 396 2542 eiusque
420 2457 503 2519 ratio
527 2453 696 2520 reddatur=
728 2479 811 2521 num
834 2466 963 2537 autem,
986 2457 1042 2524 ubi
1066 2459 1159 2545 prior

136 2543 273 2610 eutentia
297 2542 479 2607 illustretur
492 2540 683 2606 notionibus
699 2543 803 2629 magis
821 2541 972 2606 delinitis.
1015 2546 1160 2610 Contra·

136 2635 196 2696 iam
216 2629 411 2694 seutentiam
435 2625 606 2712 amplexus
624 2637 672 2691 est
690 2625 870 2692 Billrothus
887 2650 920 2713 p.
936 2632 1011 2693 887.
1036 2630 1158 2711 dicens,

136 2739 197 2781 ¹am
225 2714 368 2800 exprimi
400 2711 544 2797 logicam
578 2713 759 2792 rationem,
793 2733 877 2798 quae
905 2722 954 2776 est
976 2716 1158 2795 conclusio,

136 2803 204 2866 uim
221 2811 329 2864 autern
346 2817 490 2860 caussam
517 2798 550 2859 in
569 2798 666 2860 rebus
692 2797 771 2883 ipsis
791 2807 1014 2884 apparentem.
1066 2800 1158 2881 Quae

137 2889 225 2951 mnia
242 2906 301 2948 nec
321 2882 405 2946 ratio
421 2904 480 2946 nec
496 2903 571 2945 usus
589 2882 803 2981 comprobat,
828 2893 925 2969 atque
944 2882 1044 2961 illud,
1067 2885 1157 2969 quod

136 2970 292 3036 illrothus
309 2969 404 3032 affert
426 2967 615 3055 exemplum
633 2967 818 3047 Ciceronis,
842 2967 881 3032 de
907 2966 973 3031 Off.
989 2973 1020 3048 2,
1038 2973 1088 3044 12,
1104 2974 1157 3035 42.

136 3056 339 3144 epate-euim,
361 3052 549 3117 dictumest
573 3051 617 3117 ob
642 3053 835 3119 nectendam
853 3053 1060 3118 seutentiam.
1102 3052 1159 3121 Me

136 3153 271 3229 equulus
287 3149 335 3204 est
350 3138 640 3202 Weissenbornius
657 3140 692 3203 in
710 3139 848 3226 Syntaxi
867 3161 902 3226 p.
917 3139 992 3202 246.

215 3260 416 3313 Lindemanaus
445 3257 479 3311 de
505 3257 643 3311 Adverbio
667 3257 695 3311 4.
719 3276 745 3326 p.
766 3256 792 3310 4.
815 3276 879 3311 nass
901 3256 969 3310 dicit
990 3253 1158 3311 monstrandi

176 3347 284 3400 bebere
305 3348 482 3412 potestatem,
506 3350 655 3412 usuraque
675 3341 787 3413 proprie
813 3341 857 3406 id,
885 3341 956 3410 qnod
975 3342 1038 3395 alvo.
1078 3340 1101 3393 1.
1124 3340 1157 3393 0.

177 3428 336 3485 Schmidins
349 3427 379 3480 iu
399 3427 527 3481 creaasti
547 3428 687 3481 Meletcrn.
705 3427 741 3480 'l'-
754 3425 780 3478 3.
798 3443 823 3493 p.
838 3423 898 3479 129.
923 3440 985 3478 cnm
1000 3421 1077 3479 llario
1099 3422 1157 3491 eei·

175 3515 271 3587 moena
285 3510 434 3582 particulae
449 3510 554 3578 quaerit
572 3511 600 3565 in
615 3512 724 3567 nomine
739 3506 842 3581 νόημα.

192 3651 264 3716 Alia
290 3646 479 3733 eetdorrpa
502 3668 666 3733 namque,
709 3647 800 3712 cuius
835 3667 895 3711 usn
918 3654 1043 3711 veteres
1071 3640 1156 3708 scri·-
1209 3562 1309 3705 qil-tt·

136 3746 226 3801 tores
248 3734 281 3800 iu
311 3735 390 3799 duas
413 3730 521 3820 partes
547 3731 728 3796 discessisse
756 3733 916 3797 videntur.
977 3728 1035 3794 Alii
1066 3727 1154 3812 enim

136 3833 238 3886 iatum
257 3821 402 3885 formam
420 3819 605 3904 longiorem
621 3828 855 3901 respexerunt,
878 3812 970 3880 nullo
991 3811 1156 3901 significa·

136 3909 208 3972 onis
226 3906 413 3972 discrimine
428 3902 534 3969 facto:
552 3902 603 3968 alii
615 3901 750 3969 voculae
765 3923 826 3988 que
841 3901 1058 3966 attribuerunt
1072 3921 1156 3987 pro·

136 3996 215 4058 riam
241 4001 436 4080 potestatem
454 3987 606 4056 nectendi
628 3988 813 4053 sententias.
856 3986 920 4051 Sed
938 3986 1022 4052 inter
1044 4006 1157 4073 gram·

135 4081 248 4145 raficas
263 4079 330 4144 iam
359 4085 435 4151 aatc
452 4072 726 4164 Stiirenburgium
742 4072 959 4155 exstiterunt,
980 4070 1036 4160 qui
1055 4093 1072 4136 a
1091 4069 1155 4134 bo-

148 4163 205 4230 lV.
850 4165 867 4222 1
