2662 4906
454 296 604 367 unc-—
628 294 815 382 Qvtunu.
1099 305 1162 375 res

187 475 220 536 2.
250 467 393 535 firmius
409 467 444 535 id
460 467 627 534 sllirrnere
648 467 742 545 licet,
765 467 942 556 scriptores
964 474 1159 542 recentioris

128 555 174 619 evi
194 578 258 620 ricc
275 591 319 603 -
339 555 476 643 quidem
495 554 636 634 dixisse,
660 554 717 618 ubi
738 552 800 618 ue‘c
822 553 952 619 velulis
976 560 1106 643 negotio
1121 564 1157 629 in
1209 561 1214 571 ’

128 641 217 706 riori
233 642 415 706 seutentioc
435 651 528 730 purte
542 640 780 729 praecessisset.

219 760 316 814 sesso.
330 763 365 814 de
382 763 428 814 lra
442 761 487 824 12,
502 761 529 813 1.
544 778 598 813 aso
613 766 650 811 est
664 759 751 826 itaque
764 757 854 822 utilis,
869 775 917 810 sec
930 758 961 810 is
977 761 1084 829 proellis
1092 767 1154 834 pu:

174 845 252 909 dem,
271 853 318 900 aut
334 847 359 897 iu
375 846 448 899 bellis
460 846 510 897 uas
545 845 624 896 Cous.
639 843 675 896 sd
691 842 788 912 Polyb.
804 841 848 908 25,
862 840 888 895 4.
905 860 952 895 aec
973 844 1020 897 lsoc
1041 854 1158 905 tantun.

174 932 254 983 modo
269 949 320 981 nors
336 931 409 994 licet,
427 947 474 983 aee
486 946 603 981 somnum
620 929 721 998 quidem
735 922 868 982 estende'rs
880 930 910 982 irs
928 937 1029 996 portem
1050 935 1103 987 dies·
1121 940 1158 990 ls'-

176 1021 224 1066 ces.
259 1013 365 1081 Quibus
391 1013 524 1082 exenrplis
545 1013 656 1066 delendi
679 1019 770 1083 posset
790 1012 863 1080 spnd
887 1011 997 1066 Livium
1018 1014 1061 1082 n,
1076 1020 1119 1086 18,
1131 1021 1158 1075 4.

173 1114 221 1148 ace
238 1099 368 1163 tumulos,
385 1117 432 1152 rrec
449 1116 553 1162 arcem,
576 1117 623 1152 aec
640 1116 713 1151 mare
734 1098 838 1167 quidem
856 1098 937 1149 armis
950 1100 1076 1157 obstitisse
1089 1108 1159 1159 ssisr

173 1179 227 1232 uisi
249 1181 308 1232 cod.
333 1183 396 1236 Por:
421 1183 539 1238 haberet
551 1202 591 1237 ue·
624 1184 661 1238 m
681 1183 817 1237 afferrem
839 1182 930 1234 Valer-
947 1183 1023 1239 Μαι.
1042 1187 1158 1255 221.

174 1266 228 1318 nisi
247 1266 400 1321 Seelroslius
414 1266 458 1333 id,
478 1269 551 1335 qnod
572 1266 814 1321 Drakenborchins
830 1265 1002 1333 coniecerat,
1017 1288 1050 1325 sse
1065 1272 1094 1327 i„
1110 1291 1159 1328 ῃ.

177 1351 253 1420 tiqno
268 1352 362 1404 codiee
380 1351 537 1406 invenisset
572 1350 664 1406 Tacit.
685 1354 755 1407 Aua.
777 1350 822 1418 14,
843 1350 887 1405 85.
906 1371 936 1405 eo
955 1364 1088 1421 procedas
1100 1359 1159 1412 Ro·

173 1453 311 1489 mauorum
335 1438 484 1506 cupidines,
508 1446 539 1491 st
558 1455 612 1489 mors
627 1455 752 1508 corpora,
777 1456 823 1491 ssea
838 1445 967 1491 senectam
989 1439 1093 1507 puidam
1110 1451 1159 1497 ass

176 1521 357 1588 uirginitatem
371 1521 534 1589 impollutam
554 1523 713 1590 relinquant.
747 1522 802 1575 Sed
823 1522 881 1575 ocd-
905 1522 993 1591 gueli.
1011 1541 1062 1578 sos
1081 1543 1158 1583 sess-

178 1610 266 1667 otam,
283 1610 311 1655 et
327 1600 412 1667 28⁰.
430 1619 484 1655 nors
497 1604 614 1669 coimus,
632 1621 771 1674 sompes,
788 1623 821 1660 sse
834 1607 887 1661 reto
902 1607 1014 1676 quidem.

197 1732 229 1793 3.
262 1726 325 1791 Sed
354 1747 459 1812 quum
475 1738 566 1792 recte
587 1726 749 1793 diceretur
773 1751 841 1792 non
860 1765 894 1779 -
911 1729 1047 1829 quidem
1070 1733 1157 1815 (Cic.

128 1809 203 1874 lrut.
225 1817 275 1891 17,
294 1812 362 1897 67.)
374 1814 425 1876 its
443 1821 478 1874 ut
490 1813 526 1878 in
546 1813 695 1898 negative
710 1813 868 1878 sementia
884 1815 1014 1900 aliquod
1033 1840 1159 1884 nomen

130 1894 224 1977 ddito
242 1896 402 1961 vocabulo
420 1897 558 1984 quidem
575 1898 623 1963 vel
639 1900 891 1986 restringeretur
907 1901 955 1964 vel
970 1900 1158 1980 efferretur,

128 1980 193 2045 iilril
212 1981 428 2069 impediebat,
448 2003 515 2067 quo
538 1987 651 2048 minus
676 1985 776 2049 etiem
800 1982 965 2048 diceretur
985 1986 1020 2050 in
1042 1986 1161 2052 adiun-

128 2067 217 2149 gendo
245 2069 405 2132 sententis
431 2089 536 2155 neque
556 2070 625 2133 siue
646 2091 710 2136 nee
733 2105 773 2118 -
801 2067 956 2156 quidem,
984 2073 1018 2135 iu
1044 2072 1161 2157 quibus

128 2152 248 2216 uidem
265 2176 332 2217 non
353 2154 391 2217 nd
407 2176 469 2217 nec
488 2164 673 2240 spectaret,
697 2155 792 2241 eique
811 2154 941 2243 plerum
969 2177 1009 2222 ue
1023 2156 1085 2223 sed
1099 2180 1163 2245 op·

128 2250 308 2303 ›oneretur.
353 2240 465 2320 Quare
479 2259 593 2307 verum
611 2250 736 2325 perstet
752 2238 854 2318 illud,
878 2179 967 2325 quod
991 2242 1057 2307 iam
1080 2243 1162 2310 Mu·

128 2333 204 2387 etus
227 2324 359 2406 docuit,
381 2347 443 2389 neo
459 2344 503 2374 ·-
526 2323 664 2412 quidem
685 2347 702 2389 s
729 2323 825 2390 bonis
848 2327 1065 2412 scriptoribus
1090 2351 1162 2394 uon

128 2409 175 2472 lici
199 2432 262 2497 pro
279 2408 476 2496 nequidem
498 2411 566 2475 sire
588 2422 620 2475 et
645 2409 861 2497 nequidem,
882 2410 944 2475 sed
967 2434 1010 2476 ne
1024 2448 1068 2463 -
1082 2415 1160 2501 qui·
1233 2453 1238 2469 ι

128 2494 210 2557 lem:
232 2497 265 2560 iu
283 2497 322 2558 iis
337 2505 446 2559 eutem
463 2495 563 2573 locis,
589 2518 672 2582 quse
688 2519 750 2561 uec
774 2494 915 2579 hubent,
938 2495 1003 2561 hoc
1027 2499 1061 2563 in
1085 2500 1159 2565 vin-

129 2581 230 2645 iendo
247 2582 406 2645 sententis
421 2604 482 2669 pro
499 2593 531 2646 et
548 2605 617 2647 nors
633 2582 726 2670 poni.

218 2683 276 2735 Cic.
293 2682 328 2736 ad
344 2684 421 2736 Fam.
437 2682 463 2746 a,
478 2682 504 2749 6,
516 2674 542 2736 2.
561 2686 602 2737 lu's
622 2692 709 2737 autem
724 2681 819 2735 litteris
835 2680 951 2734 animum
973 2688 1045 2735 tuum
1060 2711 1095 2722 ·—
1110 2686 1160 2738 etsi

182 2785 236 2818 ssoa
250 2769 438 2836 sapientissimi,
458 2774 489 2820 at
501 2769 650 2820 amicissimi
662 2768 774 2820 lsomirsis
788 2766 943 2819 auctoritate
957 2769 1160 2833 confirmandum

180 2852 261 2904 etiam
276 2861 355 2922 atque
373 2854 451 2906 etiam
466 2859 552 2923 puto.-
569 2869 616 2903 sec
629 2852 662 2903 is's
676 2853 779 2921 quidem
793 2852 890 2914 maliis,
907 2851 996 2919 quibus
1008 2858 1033 2902 te
1049 2854 1161 2906 consoler

180 2944 214 2988 sst
229 2939 361 3004 afflictum
377 2944 400 2988 et
423 2937 477 2988 iam
492 2937 563 2988 ommi
582 2953 626 3007 sps
649 2938 741 2988 salutis
762 2937 897 3000 mistum,
916 2934 962 2986 sed
981 2943 1012 2987 ur
1033 2953 1109 3000 eum,
1130 2937 1162 2990 ds

183 3021 258 3074 euius
273 3020 451 3073 incolumitate
466 3039 517 3072 ooo
533 3021 592 3091 plus
605 3021 767 3084 dabitemus,
784 3036 863 3087 poam
878 3025 904 3070 te
919 3019 1026 3070 memini
1043 3021 1164 3074 dubitare

181 3107 216 3157 de
245 3123 311 3157 mea.
360 3105 398 3157 Et
420 3104 513 3171 paullo
544 3111 620 3172 post:
652 3123 698 3157 neo
725 3121 772 3156 rios
793 3104 896 3170 quidem
921 3111 1012 3156 nostra
1035 3105 1163 3159 diuinatio

178 3191 270 3256 solist.
297 3188 403 3242 Verria.
417 3186 545 3254 mutu
563 3191 651 3243 deisto
668 3190 697 3241 id
714 3189 781 3256 quod
792 3203 879 3238 ammes
894 3186 1013 3239 uidebant
1025 3205 1106 3256 meque
1118 3190 1164 3243 ille

182 3275 288 3342 quidem
303 3275 406 3326 obscure
419 3274 536 3341 loquutus
550 3280 598 3325 est.
630 3273 740 3339 Quidem
756 3270 878 3324 additum
894 3276 935 3323 est
945 3270 1098 3339 pronomini
1118 3274 1163 3327 ttts

184 3374 218 3409 ex
235 3357 346 3425 vulgari
365 3374 432 3422 usu,
453 3374 505 3408 nee
526 3363 603 3409 reete
623 3356 766 3424 Zumptins
787 3355 856 3408 (licit
875 3372 936 3406 esse
960 3373 991 3406 ac
1010 3372 1043 3408 rre
1062 3358 1163 3411 obscure

182 3443 295 3510 quidem.
330 3441 363 3492 sd
381 3442 458 3493 Fum.
475 3439 520 3504 12,
536 3439 602 3504 1‚4.
620 3457 665 3494 uec
679 3442 733 3493 eius
748 3442 850 3508 quidem
865 3440 996 3506 reifirlem
1011 3440 1094 3493 uideo.
1128 3442 1163 3493 ad

183 3526 238 3581 Διΐ.
256 3523 283 3589 9,
300 3525 344 3577 12.
371 3532 440 3578 extr.
465 3523 543 3592 (ld).
584 3522 645 3577 lsir.
660 3524 703 3589 22,
718 3522 762 3587 ill),
775 3522 818 3575 12.
833 3525 856 3576 si
875 3525 923 3576 llos
944 3524 973 3577 Ρ.
998 3525 1164 3595 Sempronius

186 3612 298 3673 diceret,
324 3627 368 3661 uec
392 3610 462 3661 uiros
484 3608 603 3678 modim,
623 3625 669 3660 nec
689 3608 822 3660 Romanos
840 3624 883 3659 isos
904 3609 1022 3672 duceret,
1049 3609 1072 3660 si
1092 3626 1164 3662 nemo

187 3702 278 3747 tautae
295 3695 401 3747 uirtutis
416 3694 548 3746 essts'tr'sset
563 3708 654 3744 comes.
688 3690 737 3743 rut
752 3689 905 3744 Gronovius
920 3690 947 3742 iu
962 3709 1023 3743 enm
1045 3694 1164 3758 modum,

188 3796 269 3847 quern
287 3797 313 3845 p.
328 3777 371 3830 66.
390 3782 457 3842 etp.
477 3774 520 3828 68.
538 3775 751 3839 illustravimus,
770 3774 888 3828 coniecit
907 3775 1078 3847 scribendum
1105 3796 1165 3831 csse

187 3882 231 3915 nr:
253 3863 323 3931 qnod
339 3880 392 3915 non
406 3867 468 3914 erat
480 3860 665 3914 accessorium
682 3861 709 3913 in
724 3859 888 3913 disiunctira
897 3862 1045 3914 sententies
1064 3863 1110 3914 sod
1126 3862 1165 3915 ibi

189 3964 293 4016 quoqne
310 3948 393 4000 codes
408 3964 477 4000 unns
489 3947 576 3999 hebes
590 3964 629 3998 ae.
664 3942 1000 4012 οηἰηίί1.9,ὅ,55.ποη
1024 3949 1090 3999 euim
1112 3948 1167 3999 disi

190 4034 304 4098 quidem,
321 4035 366 4084 red
381 4050 435 4083 sors
449 4032 543 4101 scripsi
550 4050 561 4082 .·
579 4048 623 4083 nee
638 4032 729 4100 scripsi
742 4030 862 4099 quidem,
883 4032 927 4082 sed
943 4049 994 4081 sors
1016 4032 1069 4082 odii
1090 4031 1167 4098 lega·

190 4117 298 4170 sunem:
318 4135 363 4171 aec
378 4119 429 4170 obii
446 4117 559 4186 quidese,
580 4115 626 4167 sed
643 4131 696 4166 mors
713 4113 833 4184 persuasi
850 4114 986 4166 Thebanis.
1021 4114 1118 4166 Senee.
1134 4113 1167 4164 sle
