2662 4906
596 269 666 341 ΝΕ.
1113 281 1171 343 77·

215 376 236 413 Ι

134 468 167 509 ιιι
185 466 345 532 apparare
371 445 405 508 ia
436 443 691 530 pronominibus
723 452 755 508 at
787 443 820 507 in
853 442 1155 526 coniunctionibus,

131 532 227 594 uibus
244 531 320 595 addi
335 531 458 594 soleret
469 551 523 593 ne.
545 529 612 594 ·Ita
627 531 760 615 quidem
777 528 956 593 Turnebus
975 530 1009 594 in
1029 530 1156 597 Adver-

130 640 169 680 ιι.
189 623 221 697 7,
242 622 293 681 10.
345 616 413 680 Nos
434 613 560 700 singula
584 616 837 704 perpendamus.
879 617 985 713 Atque
1006 616 1155 697 primum

130 703 242 767 dditar
272 700 414 766 relativis
445 703 700 787 pronominibus
734 711 903 766 contracta
929 722 966 765 ιιι
995 704 1154 768 oratione.

130 787 193 852 iam
211 809 273 875 pro
297 809 354 859 eo,
378 786 467 883 qnod
484 786 758 857 dicendum-erat.
780 798 871 852 estne
884 785 960 856 itte.
982 787 1049 872 qai,
1074 798 1154 852 tuac

130 898 161 946 s,
195 873 267 960 qai.
298 871 401 937 Latiar
426 870 598 947 dixerunt,
627 873 704 953 ‘ain
732 871 857 971 :quod
880 872 998 936 maiori
1022 892 1099 936 cum
1121 873 1153 937 vi

130 958 334 1023 dmirationis
349 956 619 1058 pronuntiabant
692 980 827 1044 ruquaus
869 955 1021 1021 dHorat.
1035 958 1103 1023 Sat.
1123 965 1152 1036 1,

130 1051 161 1121 0,
188 1049 241 1108 00.
272 1042 464 1107 atticramum
489 1041 634 1130 appellat
663 1055 696 1107 et
723 1044 824 1130 qrrinc
890 1065 923 1107 ιιι
950 1064 1066 1130 gracco
1092 1044 1153 1126 οἵγε

130 1138 291 1216 ompamt,
313 1130 529 1215 interpretans
543 1129 602 1215 qui
614 1128 738 1216 ntique,
760 1129 818 1216 qui
830 1140 930 1193 certe.
972 1127 1153 1193 Eamdem·

133 1238 171 1279 ue
187 1225 334 1278 naturam
352 1210 571 1301 emphaticam
590 1225 817 1302 cognoverunt
835 1215 1006 1279 Porsonus
1026 1213 1067 1278 ad
1083 1213 1152 1277 Eu·
1270 1230 1273 1236 ·

130 1301 207 1449 lli
231 1299 368 1471 litt
379 1302 451 1448 pti
453 1305 485 1362 ⁴·
495 1298 1153 1468 0153ῗέ1ῗῖἶέιιῗηῖῗῗὸῗιᾷῗιοῗῖῑ

130 1473 148 1535 d
167 1472 286 1533 Lucan.
307 1474 338 1544 7,
354 1474 427 1534 801.
450 1469 630 1535 Acidalinm
655 1481 685 1534 ct
708 1469 962 1545 Tanbmannum
987 1469 1027 1533 ad
1049 1469 1153 1535 Plaut.

130 1556 208 1642 :pia
231 1557 261 1626 5,
278 1560 311 1629 2,
328 1556 381 1618 54.
414 1552 571 1619 Bothium
591 1555 631 1619 ad
655 1555 756 1621 Plauti
780 1556 852 1629 Aul.
867 1558 942 1620 888.
971 1555 1151 1620 Priscianus

132 1646 164 1704 6.
186 1663 220 1726 p.
246 1643 340 1702 1032.
367 1638 423 1723 qui
439 1639 547 1703 omnia
572 1642 729 1719 miscuits
743 1642 836 1707 etiam
853 1639 1076 1727 Doeltingium
1099 1640 1153 1703 in-

134 1728 225 1803 uxit,
252 1733 290 1786 ut
312 1722 490 1808 particulae
510 1725 666 1789 tribueret
688 1727 754 1790 vim
777 1727 917 1813 aliquam
949 1724 1153 1793 confirmati-

130 1834 199 1887 am,
237 1819 334 1893 atque
357 1806 478 1871 diceret
499 1830 561 1895 per
582 1832 624 1875 ne
646 1809 935 1899 interrogationem
960 1809 1151 1876 confirmari

130 1907 164 1958 ut
191 1891 465 1982 ponderosiorem
495 1893 600 1959 reddi.
659 1891 767 1958 immo
799 1895 1005 1969 dubitationis
1035 1906 1153 1960 natura

130 1983 207 2045 tiam
231 1979 265 2041 in
296 1976 347 2040 his
372 1988 518 2063 apparet.
576 1977 661 2042 Nam
695 2001 800 2066 quum
830 1979 952 2066 aliquid
983 1980 1153 2055 miramur,

130 2087 174 2130 ive
190 2063 232 2128 ob
249 2061 508 2148 magnitudincm
530 2063 597 2127 sive
614 2063 657 2125 ob
678 2064 886 2129 insolentiam
903 2065 951 2130 rei
968 2063 1153 2131 dubitamus
1190 2130 1195 2145 ,

130 2151 276 2214 ffirmare
291 2147 338 2211 vel
355 2145 506 2226 credere,
532 2158 587 2210 aut
604 2145 801 2213 haesitamus
820 2150 853 2213 ia
872 2151 940 2238 ipsa
953 2149 1154 2297 pacatione.

130 2238 177 2300 ios
202 2232 354 2299 Germani
379 2232 504 2296 utimur
527 2231 689 2297 verbices
713 2234 758 2298 iat
782 2233 870 2298 dccli
897 2230 1018 2299 nica?
1057 2235 1155 2298 Cete-

130 2344 183 2385 um
204 2328 331 2406 praetor
346 2317 487 2381 comicos
504 2317 565 2380 hac
583 2316 692 2391 forma
709 2318 1025 2405 loquendi-utuntur
1037 2329 1154 2405 poetac
1269 2354 1273 2369 ·

130 2431 140 2471 ι
160 2402 363 2470 orationibus
379 2423 419 2465 ex
430 2404 539 2467 animo
552 2401 775 2469 vehementius
791 2413 961 2469 commoto
978 2401 1152 2492 profectis:

130 2493 139 2555 l
168 2490 258 2577 quod
284 2487 489 2574 Doellingins
512 2486 594 2553 bene
616 2488 811 2554 observavit.
866 2489 1024 2555 Oratores
1050 2488 1153 2554 absti-

131 2588 204 2642 ent:
227 2574 313 2662 apud
334 2572 478 2659 reliquos
494 2574 670 2662 scriptores
686 2596 789 2657 pauca
803 2575 1014 2645 inveniuntur
1036 2595 1153 2639 exem-

132 2666 179 2728 la:
202 2685 264 2727 uec
278 2661 357 2725 latet
372 2679 490 2722 caussa.
533 2660 643 2724 Critici
669 2672 777 2724 autem
795 2659 960 2725 interdum
976 2658 1152 2725 substitue·

130 2760 186 2814 ant
208 2747 308 2835 ῳιίιι,
346 2744 389 2808 ob
423 2744 562 2810 similem
593 2730 829 2831 signiticaium:
868 2746 996 2834 saepius
1021 2744 1086 2810 hoc
1116 2747 1152 2811 in

130 2836 208 2900 raiae
226 2830 416 2912 mutabant,
437 2829 611 2918 elegantiae
627 2831 771 2919 quodam
787 2830 933 2896 nomine.

210 3005 301 3058 rnna
318 2999 396 3069 apta.
412 2999 437 3065 5,
454 2997 537 3066 7,54.
557 3018 662 3070 φισιιιιιο
677 3002 753 3055 Μία
769 3018 817 3070 per
835 3001 922 3053 artem
942 3005 1049 3065 aterque
1066 3014 1154 3048 masaa

174 3089 270 3156 daefacai
283 3086 428 3155 promere?
446 3085 466 3139 i.
482 3103 506 3139 e.
524 3088 560 3139 da
575 3086 624 3138 liat
637 3087 701 3138 dacia
716 3087 788 3139 nicht
804 3089 866 3150 der,
883 3084 991 3138 aenaea
1005 3086 1057 3134 etc.
1091 3080 1153 3133 titt.

174 3176 201 3238 1,
219 3171 302 3236 1,1t.
320 3188 424 3238 qacmac
438 3189 488 3242 ego
502 3172 605 3224 servaci
620 3171 648 3222 ia
663 3170 784 3240 campis?
816 3169 887 3222 uad.
906 3166 932 3231 1,
947 3165 973 3232 5,
988 3163 1030 3219 1⁴.
1053 3181 1154 3234 quaeue

175 3261 270 3311 eiectae
286 3255 382 3306 emori
398 3271 486 3307 camus
511 3254 626 3308 ambae?
650 3253 668 3306 i.
684 3270 708 3306 o.
725 3254 790 3306 doct
806 3254 878 3306 nictit
892 3253 959 3317 wir,
978 3252 1020 3304 ate
1032 3252 1081 3303 acia·
1095 3266 1153 3301 cam

177 3345 265 3396 Mecrc
287 3356 334 3392 aaa
357 3338 433 3390 baad
456 3341 590 3408 ganarscn
610 3338 740 3393 wardan?
773 3337 885 3390 Terent.
903 3335 987 3388 Andr.
1006 3331 1033 3398 4,
1056 3331 1082 3397 4,
1108 3330 1152 3386 29.

175 3442 279 3495 quarm
299 3440 352 3493 ego
375 3422 433 3474 icari
454 3423 507 3491 nidi
529 3423 565 3474 ad
586 3439 629 3474 aas
646 3421 750 3488 adferri
771 3419 894 3488 scopari?
920 3417 939 3471 i.
957 3433 984 3481 ο.
998 3423 1063 3473 tuno
1084 3414 1151 3470 dicia

176 3527 256 3573 eam,
273 3523 355 3576 quem
377 3522 430 3574 ogo
450 3505 509 3558 virli
530 3505 595 3565 heri
610 3506 644 3559 ad
662 3523 711 3559 voa
735 3503 861 3559 atterat
894 3503 1005 3558 Pharan.
1025 3501 1093 3570 aa,
1108 3501 1151 3556 Β.

173 3595 220 3646 aad
241 3593 327 3646 traaaa‘
343 3592 414 3644 codar
435 3593 470 3643 ad
487 3595 599 3658 soram,
623 3598 698 3658 atquc
722 3591 789 3642 illuri
806 3589 873 3643 asili
893 3596 1032 3660 argentam
1048 3604 1152 3641 mmm

172 3680 233 3730 iate
248 3677 352 3728 ramilis·
359 3714 367 3738 ‚
388 3676 521 3729 Phormio.
553 3689 600 3726 aar.
636 3675 739 3740 Qunam
757 3691 807 3743 ega
825 3675 963 3743 mmsis
986 3668 1151 3744 parro'a'ttla,

172 3761 264 3830 quibua
279 3760 376 3811 delui?
400 3757 419 3811 i.
435 3774 461 3810 c.
487 3759 553 3810 dacia
575 3758 647 3810 atati
669 3759 731 3821 dna,
749 3775 802 3810 ram
816 3758 859 3810 icit
873 3758 973 3810 arciaca
989 3758 1151 3828 mauttgcra

173 3845 333 3913 aagcuieaen
347 3843 433 3896 lale?
466 3844 563 3897 itcrat.
577 3843 634 3896 Sat.
648 3840 674 3907 l,
690 3839 732 3906 10,
749 3840 792 3893 21.
809 3841 888 3894 oceri
900 3842 1060 3895 undictam!
1076 3842 1152 3909 quina

170 3929 390 4000 putatirdr'fficilc
403 3933 428 3981 ct
442 3928 553 3989 mirum,
570 3929 673 3981 mnata
687 3927 755 3996 qaod
771 3926 926 3980 Pitholeonti
943 3924 1073 3996 contigit?
1090 3923 1109 3976 i.
1125 3939 1149 3976 e.

172 4015 214 4066 its
235 4014 329 4083 glunit
349 4013 413 4064 dacia
434 4013 521 4074 nicht,
547 4014 608 4079 alasa
630 4030 657 4066 ea
679 4020 758 4065 muca
778 4013 881 4082 grafia
900 4013 954 4064 aad
969 4008 1150 4063 wandalum

173 4097 237 4166 acy?
271 4096 331 4151 Noa
346 4101 421 4150 recta
433 4093 628 4165 intorpretatur
640 4096 831 4163 Heindorfina‚
848 4102 877 4151 at
894 4091 1075 4151 restituendae
1090 4094 1150 4143 arat
