2662 4906
166 293 233 359 m
589 269 592 276 '
665 281 772 349 nou.
814 254 817 258 ’

170 462 271 528 ne'-
293 440 430 546 quidem
444 458 620 540 sequutura
641 449 891 539 Rosenheynins
911 447 946 515 in
965 444 1127 514 Scebodii
1139 447 1195 514 Nor

171 548 321 630 Prompt.
338 548 369 624 2,
390 548 422 606 2.
440 562 474 627 p.
499 542 552 603 84.
575 539 715 601 omissae
737 536 918 624 negationis
944 533 1195 624 supplementur

121 660 124 669 ·
170 653 213 698 cx
228 633 337 707 alters,
353 649 434 714 quoe
448 634 613 710 sequntur,
629 623 862 687 enuntiationis
878 633 971 708 parte
987 619 1116 685 attrahi
1129 643 1195 708 pou

171 717 358 787 existimet,
380 716 407 777 si
426 713 519 798 prior
545 731 621 795 purs
644 731 712 771 non
739 709 835 795 plens
856 709 982 771 nitotur
998 705 1034 771 iu
1054 705 1195 774 verbor]

170 805 273 868 terius
289 800 405 888 partis:
438 797 493 858 ubi
517 817 592 857 vcro
614 806 750 880 utruque
774 816 849 882 pers
871 814 968 856 suurn
995 791 1124 857 hubent
1149 815 1195 860 rer

170 888 266 963 bum,
288 895 344 949 out
361 881 496 946 verbum
515 881 546 943 in
564 881 670 969 priori
696 891 786 964 porte
833 879 991 957 rocccdut,
1020 878 1089 943 dici
1103 877 1195 946 deber

168 996 237 1037 non
251 969 352 1034 modo
368 990 448 1033 riou.
489 966 583 1045 Quos
608 966 767 1029 sententio
779 903 932 1051 piitrimis
948 965 1099 1050 placuit,
1124 969 1195 1031 etisn

167 1059 270 1122 iisnr.
293 1055 430 1141 Meyero
452 1051 490 1116 ad
516 1053 585 1115 Cic.
607 1052 699 1114 Orut.
722 1057 753 1128 2,
771 1056 802 1116 5.
821 1053 875 1137 qui
898 1059 999 1137 uegut
1022 1050 1195 1116 Cicerones

168 1143 207 1206 sd
231 1145 297 1207 su.
324 1146 373 1220 to,
394 1142 427 1214 8.
455 1137 596 1201 scribere
616 1137 761 1224 potuisse
781 1159 819 1200 re
846 1158 926 1199 uum
951 1158 1023 1199 uon
1041 1135 1195 1209 nodum.

165 1249 271 1291 murto
292 1223 424 1289 homiui
446 1220 633 1293 tolerabile,
670 1221 731 1286 sed
753 1244 796 1285 ue
817 1160 949 1285 i'ersue
972 1220 1114 1308 quidem
1142 1223 1195 1288 cui

166 1333 270 1401 quum
283 1308 487 1399 serendum,
516 1318 571 1371 cut
595 1329 740 1394 regnum
766 1330 835 1371 uon
857 1305 960 1370 modo
979 1329 1051 1371 nou
1069 1328 1195 1372 romunt

163 1396 313 1477 domiui,
347 1393 408 1459 sed
443 1415 486 1458 ne
512 1392 640 1457 Persae
673 1391 810 1480 quidem
839 1390 1195 1478 cuiquam-tolerabile

164 1482 294 1548 Tamen
317 1480 437 1565 legitur
465 1478 551 1565 opud
580 1479 647 1543 Cic.
672 1500 705 1565 p.
723 1478 810 1543 Mur.
838 1484 870 1553 8,
894 1485 925 1542 8.
942 1479 1122 1564 ‹etquehoo
1143 1502 1195 1543 not

163 1567 266 1632 modo
289 1589 358 1632 nou
381 1563 541 1640 luridati,
570 1563 694 1627 sedne
717 1563 858 1627 concedi
878 1562 1018 1650 quidem
1034 1575 1155 1650 potest.
1177 1566 1195 1629 it

165 1656 262 1718 Verr.
281 1658 313 1729 8,
336 1655 390 1727 18,
407 1655 478 1713 114.
502 1648 618 1712 multis
634 1660 747 1714 utttem
762 1672 831 1712 uon
845 1650 947 1712 modo
959 1670 1120 1736 granum
1132 1650 1195 1713 ast-

163 1738 245 1816 lum,
266 1735 328 1801 sed
351 1758 393 1801 ne
437 1733 536 1798 uleue
552 1732 687 1820 quidem
717 1757 757 1799 cx
780 1734 874 1798 omui
918 1746 1022 1798 ructu
1044 1770 1090 1784 -
1109 1735 1195 1799 reliu-

184 1833 351 1889 ueremur.
408 1817 541 1906 «capud
558 1819 685 1883 Livium
702 1818 732 1893 4,
749 1825 779 1897 8,
799 1825 848 1883 10.
916 1816 1047 1883 'timum
1069 1818 1153 1884 Pom
1175 1821 1195 1885 i·

162 1846 248 1973 Z‘um
263 1930 332 1971 non
354 1904 455 1969 modo
480 1927 548 1967 non
566 1904 776 1991 patricium,
801 1903 863 1968 sed
884 1927 927 1968 ne
949 1905 1063 1970 ciuem
1080 1906 1137 1993 qui
1176 1928 1195 1969 u

161 2012 343 2057 rornuuum
359 2027 387 2038 -
413 2011 586 2076 regnasse.
604 1992 670 2056 Cic.
686 1990 725 2053 od
744 1989 830 2056 Fum.
847 1994 897 2063 10,
911 1994 959 2068 10,
968 1996 1004 2056 8.
1021 1991 1077 2055 vd.
1094 2013 1129 2078 p.
1140 1995 1195 2056 1911

160 2077 271 2142 Etiam
301 2076 461 2142 Antonius
496 2075 530 2137 in
560 2074 711 2139 Excursu
745 2074 837 2140 Orot.
871 2077 1005 2141 Cutitin.
1044 2075 1195 2141 Ciceroni

160 2162 274 2230 uddito
302 2184 334 2249 p.
357 2165 411 2225 76.
436 2159 587 2243 loquitur
614 2162 654 2226 de
684 2183 754 2224 nou
787 2161 890 2226 altero
914 2172 988 2226 tum
1013 2162 1195 2243 omittendo,

160 2270 263 2335 quum
292 2247 424 2332 negotio
457 2244 587 2308 aliunde
620 2245 822 2330 intelligutur
853 2256 950 2331 utque
980 2247 1195 2335 praedicetur

159 2335 331 2419 utriusque
363 2329 602 2415 propositionis
625 2332 712 2397 idem
742 2332 783 2394 sit
807 2342 937 2396 etcum
963 2335 1146 2421 negatione
1162 2334 1195 2400 td

158 2429 316 2504 sequntur
332 2416 382 2480 vei
400 2415 590 2564 praecedat.
645 2417 936 2483 Weissenbornius
961 2418 997 2482 iu
1025 2420 1195 2485 Grsmmrt.

158 2524 191 2589 p.
216 2506 289 2567 878.
317 2502 371 2566 ubi
424 2500 512 2564 ocuit
537 2520 599 2586 per
627 2524 695 2565 non
715 2502 818 2567 modo
844 2526 912 2568 rem
938 2506 1111 2570 minorem
1134 2528 1195 2571 1111

157 2588 299 2673 graviori
315 2586 483 2673 componi,
507 2586 628 2672 pergit,
651 2610 746 2674 saepe
761 2587 841 2666 fieri,
857 2600 977 2654 utnon
1003 2601 1113 2655 totum
1135 2614 1194 2655 sen·

155 2675 293 2737 testium
318 2682 433 2757 neget,
464 2673 498 2736 in
525 2693 587 2756 quo
611 2672 711 2736 modo
738 2696 807 2737 rem
836 2679 1001 2740 minorem
1021 2675 1194 2764 essesigni·

155 2758 247 2822 ficet:
278 2758 305 2821 si
331 2768 439 2822 sutem
472 2759 600 2820 dicatur
627 2782 695 2821 nou
722 2759 823 2823 nzotlo
850 2784 928 2837 non,
953 2763 1104 2846 priorem
1115 2784 1192 2841 stem,

155 2865 238 2931 quse
266 2842 368 2917 obsit,
421 2864 488 2907 uon
534 2842 625 2927 parvi
671 2847 849 2919 momenti,
894 2847 1030 2911 alterum
1072 2848 1191 2911 maioris

154 2953 222 2993 esse
249 2928 413 2993 momenti
435 2928 555 2991 videri:
581 2927 666 2991 unde
681 2928 818 2994 fortusse
835 2930 950 3031 aliquis
966 2933 1113 3018 colliget,
1135 2956 1192 2996 nou

152 3013 254 3081 modo
306 3016 401 3078 ortim
435 3014 617 3086 minorem,
663 3018 780 3099 purtim
813 3020 974 3081 maiorem
1003 3038 1082 3082 rem
1117 3018 1190 3082 indi·

152 3106 237 3164 esre.
280 3037 387 3187 Etiam
412 3098 594 3161 Kiihnerus
621 3097 661 3160 ud
686 3101 755 3164 Cic.
779 3101 879 3166 'susc
907 3108 935 3179 1,
965 3107 1017 3178 86,
1042 3108 1097 3167 87.
1126 3125 1190 3168 cum

150 3184 268 3251 Beiero
291 3185 330 3247 ud
348 3184 416 3248 Cic.
436 3182 477 3246 de
494 3183 560 3248 Off.
578 3205 611 3269 p.
630 3189 689 3248 167
709 3208 777 3249 non
791 3186 893 3250 modo
913 3211 983 3251 uon
1000 3189 1066 3253 dici
1089 3191 1189 3254 existi·

150 3280 263 3348 munt,
286 3269 418 3353 quaudo
445 3271 549 3332 muior
564 3281 662 3353 utque
685 3272 816 3354 gravior
838 3296 890 3336 res
914 3275 1036 3339 minori
1064 3296 1188 3358 {ursece-

151 3354 225 3419 dut:
261 3355 332 3440 ipse
348 3365 458 3417 tamen
475 3355 531 3418 ille
551 3354 645 3418 offert
669 3357 736 3419 Cic.
763 3358 802 3422 de
822 3356 892 3422 inv.
908 3365 939 3437 1,
958 3363 1011 3436 55,
1035 3363 1109 3424 108.
1129 3383 1188 3425 usu

148 3438 250 3504 modo
264 3439 304 3503 id
316 3463 383 3503 nou
401 3439 546 3526 adeptus
563 3463 644 3520 esse,
667 3441 727 3505 sed
742 3443 780 3506 in
797 3466 947 3508 summas
962 3446 1122 3510 miserius
1136 3447 1187 3509 iu-

148 3524 283 3590 cidisse.
328 3525 570 3589 Liudetnunnus
596 3526 637 3590 de
660 3527 826 3592 Aduerbio
851 3529 907 3594 lv.
933 3552 967 3617 p.
998 3536 1048 3596 19.
1078 3533 1188 3595 mirum

146 3612 324 3697 proposuit
347 3611 617 3699 explicationemz
650 3633 719 3677 uon
750 3613 851 3678 modo
874 3638 943 3679 uon
971 3616 1034 3680 dici
1057 3628 1091 3679 nt
1123 3639 1189 3681 nou

146 3707 283 3760 tuntum
304 3719 387 3774 non,
410 3697 554 3760 sednon
580 3695 700 3770 modo,
722 3698 855 3787 dempta
884 3701 985 3765 alteru
1009 3704 1187 3788 negatione,

146 3779 329 3867 significare
350 3804 439 3845 utino
466 3805 545 3845 nou.
584 3781 739 3847 Klotzius
765 3786 805 3850 od
833 3787 900 3849 Cic.
926 3786 1028 3853 Tusc.
1058 3811 1093 3874 p.
1119 3794 1187 3853 123.

146 3887 249 3952 quum
274 3867 310 3930 iu
338 3866 397 3931 hnc
420 3867 563 3931 dictione
596 3867 733 3954 aliquod
768 3871 957 3937 onocoluthi
989 3895 1094 3960 genus
1125 3885 1186 3938 111-

145 3951 278 4029 tuisset,
303 3974 335 4037 p.
365 3958 436 4017 191.
459 3953 521 4020 nisi
542 3950 654 4034 futter,
669 3954 722 4033 ,od
745 3976 816 4020 erun
842 3960 943 4037 viam,
975 3982 1040 4046 qus
1064 3982 1125 4047 ego
1139 3960 1186 4023 in·

144 4036 236 4124 grsdi
267 4038 381 4119 solco,
410 4038 527 4117 rediit,
551 4049 659 4103 tumen
675 4038 708 4104 in
725 4064 765 4107 eo
783 4043 963 4121 discedens,
984 4044 1184 4130 quodmodo

142 4122 339 4210 proculum
366 4126 511 4212 accepit,
537 4123 680 4191 reddens
701 4146 761 4213 per
785 4150 861 4194 nur.
919 4128 1030 4197 Etirm
1054 4131 1184 4198 Hottiu·
