2662 4906
486 281 772 350 ouo-otuu.
880 246 886 255 ’
1082 287 1219 367 aar,

170 452 320 507 attendere.
351 452 474 509 Martial.
497 452 524 522 4,
544 452 588 516 ⁸9,
615 453 642 507 9·
664 454 712 508 alte
736 453 790 507 ian
816 450 881 507 antia
903 459 950 519 ot.
974 453 1030 518 ote,
1056 454 1148 511 tttotta

168 536 272 595 lloret,
288 536 347 593 stt
365 540 392 604 1,
408 538 434 605 t,
452 537 496 590 12,
521 538 622 591 Errant
640 544 732 609 entem
749 536 771 590 ii
786 538 969 601 veliementer,
989 535 1037 606 qai
1050 534 1150 591 axiatl·

168 629 248 673 mant
261 622 333 674 nane
347 622 494 677 dictionem
510 628 623 675 aucune
644 622 761 677 Horatio
776 620 804 675 in
816 620 953 691 prevertii
969 619 1147 674 canenetndl-

171 721 235 757 nem
251 706 375 761 venierat
392 723 455 761 nem
472 706 584 760 uantum
597 723 651 759 nnn
666 710 709 760 ert
728 706 888 761 iuvenalem
898 704 1044 776 scriptione
1057 704 1084 772 1,
1102 703 1147 759 ti.
1202 708 1205 713 ’

169 799 245 844 enter
259 800 302 859 art,
320 809 399 861 qaum
411 793 476 846 dicit
490 793 616 845 Horatiae
632 793 712 845 lim.

206 892 318 949 rema
336 892 385 946 Aa.
403 889 430 957 4,
448 892 474 957 r,
491 891 518 946 a.
544 894 599 956 ote,
620 893 684 946 tae.
710 866 835 962 inaruit
859 893 926 946 aaa
951 896 999 947 m.
1033 887 1147 944 ntea

172 976 283 1044 quidam
307 977 411 1031 addunt
431 979 523 1033 detine.
539 976 566 1044 t,
588 976 614 1043 1,
632 976 659 1028 t.
684 978 739 1044 cte,
764 979 826 1032 tan.
852 976 902 1031 abt
922 975 1145 1029 viderenturne.

174 1063 274 1114 llnrat.
289 1060 347 1115 Sat.
363 1060 392 1128 2,
413 1058 441 1129 ὁ,
456 1059 500 1117 28.
856 1056 869 1073 '

191 1323 379 1471 latteriectio
400 1326 438 1393 in
460 1323 677 1393 admiratione
701 1326 749 1395 rei
778 1333 913 1413 repente
943 1325 1147 1391 obvenientia
1175 1332 1186 1355 ⁸

128 1432 229 1497 sarpa
248 1435 278 1474 a.

206 1511 297 1563 Plaut.
316 1508 416 1563 Prend-
430 1504 458 1575 4,
476 1509 505 1577 2,
520 1509 564 1564 tl.
583 1512 632 1566 alac
652 1511 978 1581 Potymetamptacues,
996 1526 1077 1578 pum
1091 1526 1146 1579 pe-
1247 1540 1250 1545 ·

174 1596 368 1731 ἱυοίεεέρωσ.
401 1593 434 1650 ln
448 1594 532 1671 Poeta.
550 1596 576 1663 1,
598 1596 627 1662 2,
646 1597 689 1651 tr
712 1602 788 1649 reete
807 1593 913 1665 legitur
926 1595 983 1662 etc,
1008 1591 1037 1646 in
1063 1594 1146 1648 uana

193 1717 201 1744 ,
232 1680 272 1745 ,1
296 1697 339 1743 Ι1).
439 1716 442 1723 -
1024 1706 1029 1715 ·

547 1803 718 1893 OIEl.

189 1957 357 2056 Bentleiua
378 1955 465 2055 hanc
486 1924 798 2068 ‘fnrmlamnlugentit
819 1956 1064 2023 exclamationis
1084 1977 1146 2043 pro

128 2044 188 2107 liert
213 2042 264 2106 vel
287 2044 346 2106 Ιιηι
368 2052 494 2106 restatur
520 2053 612 2125 ruaart
636 2066 669 2109 m
704 2045 835 2110 serent.
859 2044 976 2108 Heaut.
997 2049 1073 2123 1,1,
1094 2047 1147 2107 et.

128 2128 240 2193 'horm.
265 2130 297 2202 4,
320 2133 359 2204 3,
382 2128 435 2192 58.
464 2128 551 2213 apud
579 2128 681 2196 Plaut.
711 2129 784 2195 Mil.
810 2132 850 2205 6,
880 2134 932 2196 18.
957 2127 1010 2192 ubi
1029 2125 1148 2215 legitur
1265 2142 1269 2153 ·

130 2215 177 2278 ici
184 2263 194 2293 ‚
211 2214 296 2278 entra
311 2233 386 2274 aum
401 2211 612 2277 verberatus.
665 2214 729 2278 Sed
756 2213 963 2278 scribendum
989 2213 1033 2278 ibi
1058 2211 1147 2279 vide·

128 2321 166 2364 trr
189 2299 260 2378 otte,
283 2298 370 2363 antia
392 2308 452 2362 etc.
485 2297 537 2364 lte
556 2299 643 2365 eoiei
660 2300 713 2364 vd.
734 2298 837 2365 Tam.
855 2303 886 2363 2.
903 2320 937 2386 p.
954 2298 1029 2364 422.

529 2480 736 2569 OLIM.

190 2636 369 2715 Sententia,
390 2655 452 2723 qua
470 2635 529 2701 viri
546 2634 634 2701 docti
648 2646 896 2725 praeceperunt,
919 2636 1003 2703 otim
1020 2635 1144 2704 factum

128 2745 176 2787 rae
202 2746 243 2787 ex
267 2724 400 2808 antiquo
427 2723 626 2809 pronomine
646 2722 744 2801 vitria,
780 2724 867 2821 quod
887 2721 1055 2788 dicebatur
1081 2745 1144 2811 pro
1199 2744 1202 2751 ’

128 2808 179 2889 tte,
201 2808 298 2873 habet
320 2808 354 2871 in
377 2830 424 2886 ae,
445 2807 534 2893 quad
555 2808 697 2895 aliquam
724 2806 960 2881 dubitationem
983 2808 1144 2873 admittat.

128 2904 145 2957 t
171 2894 258 2981 quod
276 2895 382 2959 littera
401 2892 415 2955 t
431 2882 574 2980 simplex
590 2914 653 2980 pro
676 2894 836 2979 geminata
858 2893 1024 2965 scribitur,
1057 2895 1146 2973 anti-

129 3000 176 3043 uc
202 2979 236 3045 fit
260 3000 332 3044 nau.
386 2976 502 3049 Paulus
530 2977 620 3042 Diae.
644 2979 688 3042 ab
710 2978 801 3044 oloea
832 2976 989 3043 dicebant
1010 2999 1075 3066 pro
1102 2976 1146 3042 ab

128 3065 196 3129 tta:
228 3064 360 3150 antiqui
382 3062 473 3126 enim
494 3062 647 3128 litteram
671 3088 740 3128 nort
762 3060 1002 3152 gemindbant.
1055 3062 1145 3127 Tum

128 3173 187 3215 ero
210 3152 341 3237 antiqua
366 3158 458 3213 erant
484 3148 756 3219 vacabulaiatim
780 3160 813 3213 ct
832 3149 939 3222 illim,
963 3148 1004 3213 de
1051 3149 1145 3213 uibue

127 3235 180 3300 ide
217 3236 319 3301 Tam.
349 3239 380 3300 3.
405 3256 439 3322 p.
463 3237 538 3298 212.
565 3232 679 3320 ltaque
707 3235 790 3299 otim
811 3257 874 3322 pro
901 3233 990 3299 ttttm
1020 3171 1144 3299 diuum

128 3321 246 3386 idetur.
288 3320 414 3385 Tamen
440 3318 591 3383 adverbia
613 3319 647 3383 in
668 3318 829 3407 syllabam
854 3320 903 3384 im
918 3320 1068 3384 exeuntia
1089 3329 1146 3384 aut

128 3418 239 3469 toturn
273 3405 447 3492 exaliqua
473 3403 548 3468 loco
573 3402 775 3491 significant,
803 3415 859 3470 aut
888 3428 907 3471 a
935 3406 1040 3470 verbis
1060 3415 1145 3484 crta,

128 3489 224 3577 gandi
242 3491 379 3554 modum
399 3486 562 3559 indicant:
611 3512 688 3554 uere
707 3489 892 3576 amblgitur,
927 3514 993 3577 quo
1020 3489 1143 3577 factum

128 3588 165 3648 t,
205 3586 239 3638 ut
271 3575 354 3640 otim
389 3584 562 3663 punctum·
582 3513 717 3661 iliquod
748 3577 908 3663 temporie
940 3574 1144 3664 significaret.

128 3663 191 3725 iam
210 3661 275 3724 loci
288 3662 372 3725 ratio
389 3680 457 3725 nan
475 3659 666 3748 simpliciter
685 3660 724 3724 ad
745 3670 878 3750 lempna
900 3658 1060 3727 refertur:
1086 3684 1144 3726 nec

128 3748 290 3832 amparari
309 3756 417 3834 pateat
438 3745 632 3812 vocabulum
653 3746 803 3823 interim,
833 3747 874 3813 de
901 3767 967 3833 quo
990 3746 1088 3811 Tum.
1111 3752 1143 3812 8.

191 3924 221 3981 1.
249 3915 406 3981 Primaria
423 3911 615 4003 significatio
631 3924 678 3981 eat
694 3913 754 3979 illo
770 3913 860 4003 quod
873 3912 1042 4066 militur
1055 3928 1143 3983 tem-

128 4025 203 4081 ore,
223 4013 314 4066 certo
330 4001 445 4088 aliquo
461 4012 621 4093 tempore,
645 4000 697 4065 ati
716 4000 843 4065 nando.
950 4013 1048 4067 untur
1087 4023 1144 4066 uae

128 4109 237 4177 tmpus
251 4087 431 4175 designent.
473 4084 603 4154 Servius
620 4084 661 4153 ad
678 4024 793 4177 tingit.
807 4088 888 4153 Aen.
907 4090 940 4171 8,
959 4090 1031 4155 391.
1048 4024 1142 4169 oiim,
