2662 4906
625 274 725 345 NISI.
1125 284 1190 347 217

138 451 262 518 salsum
281 470 353 517 esse
365 448 431 514 iam
446 442 581 513 Haasius
600 445 766 513 indicarit.
788 446 998 533 ·}leraogina,
1020 449 1054 512 ia
1075 470 1112 515 ea
1128 452 1191 529 vu,

137 558 240 624 qnam
266 530 481 603 Gernhardus
505 533 650 619 aperuit,
679 531 734 597 lou
761 532 808 595 'us
822 534 1004 619 procedens
1021 533 1193 621 distinguit

139 623 300 689 iudicium
325 617 463 687 rationis
486 616 630 705 simplex
653 641 671 682 a
693 618 726 683 iu
751 617 834 697 icio,
862 618 952 705 quod
968 638 1041 683 cum
1056 619 1192 687 solliciti

141 718 174 772 ct
190 708 300 774 all'ecti
315 702 418 771 animi
440 722 538 767 consu
566 704 779 767 coniunctum
799 702 859 785 sit,
887 714 985 789 atque
1010 704 1192 791 particulae

140 794 211 859 uisi
233 815 305 859 eam
331 788 575 880 proprietatem
600 788 735 867 tribuit,
772 810 839 875 qua
856 786 1014 876 significet
1040 793 1192 856 animum

142 878 286 945 dicentia
308 874 537 942 vehementius
553 886 765 941 commotum
782 883 815 941 et
829 876 1042 953 monitorem,
1057 876 1191 963 nequid

142 966 276 1031 eveniat
297 972 353 1027 aut
376 958 586 1025 admittaturz
625 960 852 1025 conditionem
874 961 963 1025 euim
998 982 1085 1039 esse,
1119 962 1193 1027 sine

169 1072 213 1115 ua
232 1050 277 1129 id,
296 1048 418 1134 dequo
442 1044 570 1129 agitur,
601 1042 674 1109 lieri
695 1056 856 1130 nequeat,
887 1046 988 1132 idque
1008 1046 1194 1135 neglectum

143 1073 274 1199 (damno
291 1155 360 1199 esse
374 1140 406 1195 et
428 1128 549 1195 fraudi.
589 1128 634 1193 Aa
652 1128 680 1193 si
700 1151 784 1214 quae
804 1139 883 1194 suat
907 1132 942 1196 in
962 1130 1028 1197 hoc
1049 1132 1195 1219 porticu·-

146 1221 257 1284 larum
281 1238 343 1291 usn
371 1213 472 1281 animi
504 1213 623 1279 allecta
651 1213 816 1279 commoti
845 1226 879 1279 ct
909 1216 1043 1281 solliciti
1071 1229 1194 1307 partes,

144 1304 178 1369 id
201 1302 291 1391 quod
315 1322 423 1389 nego,
448 1320 506 1366 eae
523 1321 596 1365 non
622 1310 794 1363 versantur
824 1300 858 1364 in
888 1302 1072 1367 avenendis
1095 1304 1195 1367 rebus

146 1389 336 1471 damnosis,
367 1387 426 1451 sed
455 1387 490 1451 iu
509 1406 569 1461 eo,
600 1384 691 1473 quod
725 1385 799 1472 quis
828 1398 970 1461 veretur,
999 1408 1042 1450 ne
1064 1409 1119 1451 res
1136 1387 1196 1453 fiat

143 1496 216 1539 non
237 1470 460 1539 intercedente
482 1468 611 1535 aliare.
660 1470 777 1557 Neque
803 1470 839 1535 in
867 1468 965 1535 istam
996 1472 1194 1559 opinionem

147 1558 323 1625 incidisset
343 1556 394 1620 air
415 1556 622 1643 ingeniosus,
642 1554 705 1619 nisi
725 1556 764 1619 ui
783 1555 819 1619 in
841 1556 910 1620 uisi
932 1579 996 1647 pro
1019 1580 1062 1621 ne
1088 1560 1195 1647 parti-

145 1645 222 1708 cula
245 1640 448 1733 prohibendi
468 1648 502 1705 et
525 1638 658 1703 verendi
676 1639 861 1725 accepisset,
891 1652 923 1704 ct
946 1653 1087 1729 propter
1102 1632 1195 1707 'haue
1293 1700 1296 1705 .

144 1752 221 1795 rom
257 1726 424 1815 singulare
456 1744 558 1809 genus
586 1723 784 1789 conditionis
820 1728 1008 1791 statuendae
1035 1725 1196 1809 finxisset,

146 1812 240 1901 qnod
264 1834 342 1877 cum
363 1810 462 1876 animi
484 1808 615 1874 solliciti
631 1820 665 1873 et
683 1810 832 1895 suspensi
854 1810 969 1875 allecta
982 1814 1196 1879 coniunctum

146 1906 244 1963 essct.
287 1896 414 1993 laquo
436 1892 517 1957 illud
540 1892 624 1957 milri
646 1892 776 1959 ridetur
796 1896 936 1973 mirum,
976 1897 1067 1981 quod
1095 1888 1196 1987 opta-

147 1984 205 2049 bili
240 1992 274 2045 et
304 1978 506 2044 desideratae
527 1978 579 2043 rei
601 2000 662 2067 por
685 1978 887 2044 conditionis
907 1978 1087 2046 formulam
1113 2006 1198 2049 con-

148 2066 332 2135 stituaadac
362 2064 500 2130 addatur
526 2062 619 2127 notio
648 2062 851 2151 prohibendi
887 2075 943 2129 out
970 2067 1119 2132 verendi:
1164 2078 1198 2133 et

149 2175 255 2241 quum
279 2150 357 2214 dicit
378 2148 558 2233 Hereogius
572 2170 634 2235 per
653 2148 724 2212 nisi
745 2150 874 2213 moneri
891 2160 924 2214 et
937 2153 1134 2237 praecaveri,
1154 2176 1198 2221 ue

174 2241 224 2305 uis
245 2259 315 2303 rem
338 2256 408 2299 esse
441 2234 492 2298 vel
520 2232 593 2298 ficri
614 2232 812 2312 arbitretur,
839 2235 880 2301 ¹si
934 2235 990 2298 uld
1018 2236 1106 2302 aliud
1128 2261 1198 2303 uon

148 2264 227 2399 tiu,
250 2320 401 2409 erprrdcm
423 2342 492 2386 non
515 2318 690 2405 perspicio,
712 2318 885 2403 quomodo
905 2258 960 2383 iila
981 2320 1106 2409 duplex
1135 2346 1200 2387 ne-

149 2412 239 2496 gatio
261 2428 325 2472 una
346 2405 460 2471 vocula
479 2404 549 2481 nisi
580 2404 808 2491 exprimatura
835 2424 896 2467 nec
921 2404 1019 2471 facile
1041 2406 1198 2497 intelligi·

149 2508 223 2572 tur,
252 2514 319 2583 quo
342 2501 440 2579 pacto
461 2492 497 2555 in
523 2489 630 2553 verbis
657 2488 827 2553 Ciceronis
844 2488 1020 2555 incautior
1036 2491 1197 2581 flamm,

150 2581 221 2647 nisi
241 2602 265 2643 a
287 2589 320 2643 te
340 2575 543 2643 odinouitus'
556 2596 662 2641 essem
682 2574 779 2653 insit,
810 2574 900 2661 quod
925 2576 1071 2641 animum
1095 2578 1195 2643 relae-

151 2664 297 2733 mentiut
326 2670 552 2739 commoveat,
592 2682 661 2725 non
704 2660 781 2724 insit
817 2682 852 2724 in
888 2660 994 2725 verbis
1022 2663 1196 2729 incautior·

147 2750 303 2842 sarisam,
315 2749 348 2815 si
364 2771 388 2814 a
406 2760 440 2811 te
454 2770 523 2812 nou
540 2744 874 2822 acimaetensem,
906 2755 937 2807 et
946 2747 1118 2832 quomodo
1134 2750 1198 2815 illis

154 2836 258 2902 verbis
287 2843 474 2922 exponatur
503 2833 630 2913 coartio,
658 2830 805 2919 nequid
830 2832 965 2895 eveniat.
1008 2832 1138 2897 'samen
1166 2846 1199 2899 ct

152 2926 186 2989 ia
211 2918 398 2987 Gernhardi
424 2917 661 3005 tranquillitate
683 2926 716 2981 et
743 2917 778 2981 in
803 2916 956 3003 Herzogii
976 2916 1198 2984 sollicitudine

152 3010 220 3074 veri
243 3006 321 3094 quid
346 3002 651 3083 animadvertimus,
679 3000 769 3089 quod
791 3000 832 3065 ad
855 3002 1090 3087 proprietatem
1120 3002 1200 3069 ista·

151 3116 228 3163 rum
276 3090 486 3155 articulatum
504 3090 667 3177 pertinet:
693 3088 822 3173 dequo
845 3087 959 3173 paullo
982 3099 1061 3174 poet
1083 3088 1198 3155 dicans.

266 3176 475 3241 anditionalis
506 3194 733 3261 quaecumque
761 3175 938 3247 sententia,
975 3195 1039 3261 qua
1074 3174 1199 3261 aliquid

153 3285 225 3329 esse
249 3263 395 3345 ponitur,
415 3258 458 3325 'ex
478 3282 544 3346 quo
565 3282 629 3340 res,
649 3258 691 3323 da
710 3278 773 3345 qua
796 3258 986 3345 loquimur,
1019 3268 1055 3323 ut
1071 3259 1128 3324 liat
1144 3272 1201 3327 aut

152 3372 224 3416 uon
247 3349 322 3421 liat,
341 3347 499 3431 sequitur,
518 3366 650 3432 semper
666 3354 715 3407 est
731 3342 941 3408 affirmativa:
964 3354 1075 3431 potest
1089 3357 1200 3413 tamen

154 3436 186 3499 in
213 3455 249 3496 se
272 3432 393 3495 habers
412 3442 563 3514 negatam
580 3430 771 3494 notionemr
800 3451 878 3494 nam
900 3449 964 3493 una
986 3440 1036 3493 est
1056 3434 1140 3496 ratio
1164 3435 1200 3499 in

155 3520 226 3585 liis:
264 3517 354 3605 quod
377 3516 409 3579 si
430 3540 453 3581 a
475 3526 509 3579 te
530 3538 598 3579 nou
623 3516 785 3600 impetro,
813 3512 960 3579 scribam
984 3516 1058 3601 ipse
1082 3517 1126 3582 ile
1146 3542 1201 3585 mc

158 3603 242 3681 (Cic.
267 3603 308 3666 ad
331 3600 422 3665 Fam.
447 3602 479 3674 ⁵,
502 3607 567 3681 12.)
588 3610 620 3665 et
642 3598 731 3687 quod
751 3600 784 3663 si
798 3620 822 3661 a
836 3610 869 3663 te
883 3600 1037 3685 impetro,
1053 3600 1202 3668 scribom

161 3692 229 3774 ipse
250 3687 294 3752 de
315 3708 380 3752 me.
430 3684 563 3773 Duplex
593 3696 700 3750 autem
724 3694 774 3749 est
802 3682 912 3747 forma
944 3684 1039 3750 lartius
1065 3700 1201 3755 senten-

163 3778 237 3851 tiae,
258 3794 341 3859 quae
361 3773 568 3856 negationem
593 3771 627 3833 in
646 3792 681 3833 se
702 3768 821 3849 habet,
844 3770 966 3857 duplex
982 3793 1058 3835 usus
1081 3776 1202 3839 verbo-

165 3882 232 3925 rum
257 3860 290 3922 si
304 3881 372 3921 non
388 3868 420 3919 et
436 3857 514 3921 nisi.
549 3856 696 3921 Primum
713 3856 801 3921 enim
817 3853 1009 3943 simpliciter
1023 3862 1201 3947 componi-

167 3957 215 4009 tur
235 3946 396 4007 sententia
418 3964 494 4006 cum
518 3941 708 4008 conditione
733 3962 792 4003 sua
817 3942 879 4011 ita,
908 3952 945 4004 ut
970 3946 1201 4032 consequentia

170 4030 311 4109 exsistat,
333 4041 367 4093 et.
384 4030 525 4115 protasis
543 4050 622 4101 cum
647 4026 787 4114 spodosi
809 4027 1038 4113 coniungatur.
1088 4031 1201 4111 Quare

174 4117 358 4202 ubicumque
381 4115 543 4191 conditio,
566 4134 650 4201 qaas
673 4112 815 4198 aliquam
838 4134 909 4177 rem
931 4110 1105 4198 negatione
1131 4114 1199 4178 tol·
