2662 4906
599 319 721 387 1³an
1106 325 1169 390 ott

136 475 138 483 '
155 508 159 517 ·
195 484 322 539 Geram
336 486 473 541 desiderat
486 488 602 541 vernum
618 488 737 556 aliquoi,
752 486 841 541 velati
853 494 932 557 preat
943 496 1089 558 parentare
1114 510 1170 562 aaa

191 578 308 640 recepta
314 571 476 639 Quintiliani
484 572 617 628 nauata
624 589 735 642 proram
746 577 906 626 mutaretur.
918 571 1009 628 Tacit.
1018 576 1085 630 Ana.
1093 576 1169 646 l,28.

230 675 373 743 Quomodo
390 677 497 742 rotaria
511 692 574 728 aum
597 684 674 746 pram
688 682 873 744 componatur,
887 675 951 729 vitia
965 694 992 745 p.
1003 675 1064 731 40].

212 780 244 841 2.
265 777 302 840 ln
324 777 386 842 'hnc
404 780 650 865 comparatione
672 799 783 844 rerum
805 778 936 844 serioris
954 782 1064 846 aetatis
1085 783 1170 851 eari-

142 866 241 927 tores
256 864 526 950 interposuerunt
544 864 608 929 ita.

229 979 327 1033 catana
343 979 369 1046 t,
385 979 412 1046 4,
429 976 453 1032 5.
472 989 547 1050 proin
564 981 633 1034 rader
647 981 706 1049 ipra
722 986 768 1047 art,
783 981 822 1035 ita
838 980 915 1034 naria
928 987 953 1034 at
967 983 1171 1055 ρπίιιῐσωςο·

136 1096 139 1103 -
195 1078 261 1117 nara
277 1066 422 1117 maalmam
439 1066 519 1130 fiant.
544 1062 615 1119 Plin.
636 1063 708 1118 Hiat.
733 1081 759 1117 n.
782 1062 808 1131 5,
828 1063 854 1131 9,
880 1064 922 1118 1⁰.
946 1067 1104 1120 aiaaraatm
1123 1074 1171 1136 art,

193 1157 274 1216 prout
294 1149 323 1201 in
348 1148 511 1201 Mauritania
534 1148 604 1202 niuea
628 1149 749 1201 inlaesae
776 1151 936 1213 ratiaraar'nt,
955 1152 994 1204 ita
1018 1152 1110 1205 ΝιἸυπι
1129 1154 1171 1207 in·

197 1247 314 1285 macana.
334 1230 377 1297 28,
402 1230 427 1299 2,
451 1231 475 1285 4.
495 1231 566 1285 Ptin.
593 1232 680 1302 Epist.
703 1231 735 1298 5,
756 1232 806 1299 21,
828 1231 854 1285 Ἰ.
875 1234 982 1288 laurata
1002 1238 1108 1290 muralia
1131 1236 1173 1293 nat

136 1364 152 1387 .,
190 1331 294 1384 praua,
308 1328 387 1387 prout
402 1320 468 1371 atala
485 1325 531 1370 aut
549 1335 666 1386 prospera
682 1317 780 1384 cadam,
796 1319 835 1370 ita
851 1320 890 1371 eal
905 1322 1051 1388 probantur
1068 1322 1108 1379 val
1126 1338 1174 1379 ra-

194 1400 398 1475 pretendentes.
434 1402 529 1455 senec.
548 1402 661 1469 Quaeri.
681 1405 737 1455 nat.
755 1402 780 1466 1,
801 1401 826 1467 5,
847 1402 873 1453 o.

161 1550 164 1557 -
213 1504 247 1567 3.
270 1502 477 1569 Carminibus
502 1528 568 1569 non
595 1505 670 1568 satis
700 1515 814 1591 aptum
835 1513 905 1568 erat
932 1504 998 1569 hoo
1027 1505 1173 1570 vocabu·

136 1600 212 1660 tm,
232 1607 292 1649 nec
316 1599 441 1654 tantum
460 1589 681 1664 aetermam,
703 1590 757 1653 sed
775 1591 869 1652 etiam
895 1601 1035 1675 propter
1056 1593 1173 1657 notio·

140 1667 177 1733 ia
206 1672 422 1739 sterilitatem.
472 1676 585 1741 Exstat
608 1686 717 1739 tamen
742 1674 828 1760 apud
854 1675 1025 1740 Horatium
1051 1676 1174 1757 Sanss,

136 1786 153 1832 a
176 1759 235 1821 67.
256 1771 359 1843 pratri
374 1761 490 1846 ariique
507 1759 613 1824 libido
629 1772 689 1837 eat,
709 1760 816 1824 siccat
835 1759 1026 1848 inaequalia
1048 1760 1173 1826 calinsa

136 1840 292 1911 maian.
322 1845 377 1909 ubi
397 1846 556 1909 Bentleiua
570 1866 691 1930 negans
713 1856 887 1930 poetarum
907 1867 1001 1910 usum
1023 1846 1174 1917 acediae

136 1924 316 1991 albertino
334 1932 458 2013 recepit
471 1953 589 2029 partam,
611 1942 648 1993 ut
665 1931 781 2016 cuique
795 1928 901 1994 libido
917 1942 966 1995 est
982 1941 1044 1995 etc.
1075 1930 1172 1998 Otid.

136 2008 208 2075 lar.
225 2017 277 2089 2¹,
289 2019 362 2078 227.
379 2014 575 2100 adspiceres
591 2015 716 2095 callem,
732 2026 832 2101 prout
847 2016 918 2102 ipse
935 2015 1097 2103 rogabas.
1115 2016 1173 2083 nbi

136 2092 367 2162 Ruhnkeniusa
405 2100 486 2165 haec
515 2122 580 2164 vox
603 2101 681 2164 eatis
705 2101 861 2178 ostendit,
890 2101 987 2164 huius
1014 2101 1173 2186 epistolas

136 2191 297 2245 auctorem
322 2185 458 2249 cadente
482 2186 638 2249 latinitate
666 2185 843 2268 scripsisse.
895 2187 1019 2250 susan.
1043 2185 1173 2253 Mosell.

136 2270 207 2331 372.
230 2267 323 2332 milla
340 2270 415 2345 alii,
433 2282 532 2356 prout
552 2291 710 2356 paremque
723 2291 801 2331 surus
818 2270 934 2366 magia
952 2270 1099 2356 impona
1114 2293 1175 2336 ur-

136 2362 203 2501 get,
225 2374 295 2416 assa
313 2355 364 2419 tui
377 2356 528 2438 cupinnt.
574 2357 684 2433 Quare
703 2354 794 2417 valde
811 2354 947 2420 dubium
973 2357 1111 2431 videtur,
1132 2378 1174 2420 aa

165 2435 288 2499 oratius
306 2436 368 2501 hoc
384 2440 540 2503 vocabulo
557 2460 712 2522 umquam
732 2460 807 2500 usus
827 2439 938 2502 fuerit.

217 2526 249 2584 4.
278 2525 402 2586 Auctor
427 2523 506 2588 Belli
535 2522 751 2609 hispaniensis
773 2544 865 2585 suam
892 2533 1029 2586 aetatem
1054 2521 1174 2611 prodi·

136 2602 192 2695 ᾑίῑ,
213 2626 315 2690 quum
340 2607 475 2670 nomine
497 2607 646 2691 Pompeii
668 2605 829 2669 scribebat
852 2630 879 2670 c.
905 2610 957 2670 26.
981 2606 1053 2675 etsi,
1071 2618 1175 2691 prout

136 2700 253 2757 nostra
262 2687 437 2839 solicitas,
466 2712 506 2753 ex
526 2690 697 2752 sententia
719 2689 939 2754 adversarios
962 2689 1075 2753 aalma
1093 2714 1176 2776 pro·
1283 2697 1285 2701 ’

158 2775 247 2839 also·
273 2772 432 2849 rubemus,
452 2786 568 2838 tamen
584 2784 642 2837 etc.
658 2773 722 2836 hoc
739 2784 796 2850 ast,
820 2797 906 2860 quiae
922 2786 1040 2838 nostra
1055 2772 1174 2864 estfa-

151 2856 162 2875 ”
186 2861 259 2926 'aaa
289 2860 396 2925 Nemo
415 2862 626 2945 antiquorum
645 2868 712 2923 tam
730 2880 880 2945 perverse
896 2859 1052 2947 loquutus
1068 2871 1128 2926 est.

556 3182 762 3269 PVTA.

221 3368 313 3434 Puta
328 3366 540 3467 imperativus
559 3361 682 3450 vulgari
697 3382 849 3427 sermone
873 3363 1036 3428 transiisse
1056 3387 1173 3432 narra-

136 3464 192 3521 tur
208 3455 240 3517 in
256 3454 397 3519 adverbii
416 3474 525 3527 usum,
546 3460 580 3512 ut
596 3447 869 3513 demonstrandae
886 3451 931 3513 rei
948 3449 1103 3536 singulari
1124 3452 1175 3517 tel

135 3538 320 3607 inducendo
336 3537 490 3624 exemplo
504 3533 632 3599 cuidam
647 3534 833 3597 inserviret:
863 3545 972 3598 tamen
991 3535 1046 3599 ubi
1063 3536 1104 3600 ita
1121 3537 1176 3602 di-

136 3626 233 3702 citur,
254 3645 383 3708 semper
405 3645 463 3709 per
484 3645 518 3687 aa
540 3629 667 3684 constat
689 3629 786 3704 atque
807 3619 846 3682 ad
864 3630 964 3682 totam
982 3623 1176 3686 sententiam

136 3708 457 3778 animadvertendam
474 3714 608 3795 spectat.
646 3703 768 3769 Mansit
793 3705 892 3789 igitur
915 3707 1022 3790 prima
1046 3706 1174 3804 signifi-

136 3796 234 3860 catio.
283 3794 494 3860 Grsmmatici
530 3811 609 3856 raro
642 3788 856 3855 adverbialem
888 3801 1037 3854 naturam
1073 3812 1108 3854 rn
1135 3813 1175 3857 eo

136 3879 332 3965 cognovisse
347 3878 407 3944 sibi
423 3878 481 3942 visi
495 3888 590 3958 munt,
610 3875 699 3962 quod
714 3875 821 3940 brevis
837 3887 918 3940 asset
940 3886 1086 3940 extrema
1103 3877 1175 3963 syl·

136 3965 222 4033 laba.
242 3965 423 4030 Priscianus
442 3987 476 4052 p.
492 3966 585 4028 tuot.
616 3961 650 4026 A
666 3961 776 4048 igitur
793 3962 1015 4026 terminantia
1033 3960 1175 4049 aalpri-

136 4050 264 4119 naam
278 4060 425 4151 cantarat
447 4048 531 4124 ita,
556 4046 646 4134 qaod
668 4046 777 4112 aelam
789 4070 814 4111 a
827 4058 1018 4135 correptum
1035 4044 1175 4111 habuit.-

136 4135 296 4227 ΡΜ
319 4134 466 4226 W
491 4143 581 4222 pala
608 4153 735 4222 thqtta
765 4130 967 4201 annuam
986 4153 1057 4200 aare
1078 4130 1172 4200 acai-
