2662 4906
609 277 715 346 ΝΛΜ.

209 453 264 505 suis
279 451 414 502 ausuros
425 453 524 519 potem·
557 449 628 502 Naro
641 451 707 503 stoa
724 448 842 503 ottiosus's
852 449 972 514 Asteeis,
989 448 1059 517 quod
1071 474 1106 487 -
1115 455 1189 517 sece-

207 533 452 591 runtContuaseliae
460 535 784 604 sanunetlmpudeutiae.
801 533 819 586 i.
835 550 858 586 e.
873 531 981 585 utillud
995 533 1190 598 benefactum,

209 620 251 672 tto
272 617 339 670 satis
361 624 465 671 coastat
486 617 537 671 lsoo
558 635 618 670 csse
635 616 772 673 vitiosam.
805 619 839 671 sle
853 616 913 670 uls.
926 616 956 682 2,
976 615 1027 681 32,
1047 615 1091 670 68.
1112 618 1190 673 rota·

212 709 271 755 tato
287 701 429 767 miraculo,
447 703 518 769 qnod
536 702 564 754 ia
582 708 672 756 stotos
687 701 823 772 Lysandri
833 700 975 770 apparuit,
993 700 1100 769 pergit:
1127 720 1192 754 nara

212 789 281 856 quod
297 804 325 838 eo
340 794 451 856 ternpore
465 787 553 839 stelias
570 804 664 840 aureas
685 788 798 840 Castoris
818 794 844 839 et
870 786 979 839 Pollucis
992 786 1100 854 Delphis
1120 786 1192 854 posi-

210 879 253 926 sos
267 870 404 934 decidisse,
424 886 504 938 neque
519 889 564 924 ens
585 889 696 941 usquam
719 878 833 941 repertas
854 887 905 922 csse
926 862 1034 932 dixisti,¹
1045 873 1140 934 sumn
1163 870 1191 921 id

210 956 298 1024 sangis
307 957 411 1019 facturn
424 970 502 1020 anons
516 957 623 1008 deorusss
635 957 744 1008 sistetur.
764 953 783 1006 i.
800 969 825 1005 e.
842 970 892 1022 por
906 969 935 1003 se
955 951 1121 1022 intelligitur
1138 953 1191 1006 lsoc

208 1038 304 1090 lurum
319 1054 378 1090 esse
391 1038 505 1090 laetam·
538 1040 615 1094 Brut.
629 1038 679 1105 64,
699 1039 743 1092 22.
760 1040 837 1091 liuius
851 1037 1002 1105 (Sisennae)
1017 1039 1141 1104 facultas
1161 1056 1205 1111 es¹

207 1122 320 1175 isistoria
335 1122 414 1190 ipsius
427 1122 539 1192 perspici
552 1132 650 1192 potest.
667 1142 736 1192 quae
751 1140 829 1193 quarn
846 1122 929 1189 sorite
943 1138 1029 1174 omncs
1041 1123 1130 1174 vincat
1145 1140 1191 1174 su·

207 1205 334 1275 perisses,
353 1212 408 1258 tum
431 1205 530 1258 indicat
550 1214 654 1275 tamen,
671 1215 795 1277 quantum
811 1206 878 1258 alsit
895 1221 913 1254 a
930 1221 1044 1268 suranco,
1062 1222 1190 1274 quamque

209 1307 294 1359 genus
309 1289 357 1342 iac
370 1290 516 1358 scriptionis
530 1291 646 1344 nondum
661 1293 696 1346 sit
714 1292 778 1345 sotis
797 1289 890 1343 latinis
912 1288 1004 1341 litteris
1024 1289 1190 1340 illustratum.

214 1374 279 1425 Nam
306 1375 336 1440 Q.
360 1374 493 1426 Hortensii
509 1374 649 1427 odardum
673 1373 840 1428 adolesscntis
863 1373 1012 1442 ingenium,
1029 1379 1060 1424 ut
1078 1373 1191 1425 Pisidiae

209 1459 328 1526 signum,
355 1458 432 1509 simul
454 1458 601 1524 adspectum
622 1466 649 1510 et
671 1460 805 1528 smenon
826 1464 873 1510 cst.
906 1455 958 1520 43,
981 1456 1041 1510 161.
1074 1458 1191 1511 omnibus

209 1540 316 1608 quidem
330 1541 404 1603 aliis,
423 1541 544 1607 inquens,
562 1541 590 1592 ia
612 1544 825 1612 magistratibus,
842 1542 886 1594 sed
907 1542 1026 1603 tritonus
1047 1560 1119 1594 anno
1133 1549 1191 1610 post

202 1626 279 1692 suit,
305 1641 381 1691 eoque
402 1625 432 1675 in
454 1625 545 1676 rostris
567 1625 668 1678 sedente
691 1629 774 1679 suasit
802 1627 932 1678 servitiam
963 1626 1048 1694 legens
1072 1627 1190 1679 Crassus.

210 1708 281 1761 Nan
295 1724 424 1760 censuram
438 1709 494 1760 sias
508 1708 633 1761 Scaevoia
651 1711 740 1778 gessit.
774 1710 863 1773 Recte
888 1707 1022 1760 Orelliass
1040 1708 1067 1760 id
1088 1726 1138 1778 pos·
1159 1726 1190 1761 ss

207 1789 374 1860 intelligitur
394 1790 523 1844 crassam
547 1808 688 1845 censuram
711 1795 770 1849 siue
792 1793 927 1846 Scaevoia
945 1791 1075 1861 gessisse.
1104 1810 1128 1846 c.
1144 1791 1189 1856 68,

209 1873 272 1928 239·
298 1891 324 1942 p.
341 1875 422 1927 Asch.
440 1892 466 1942 p.
482 1875 515 1940 9,
533 1875 575 1928 22.
597 1894 661 1945 ergo
677 1879 767 1941 illurn,
785 1878 829 1946 qui
843 1878 908 1929 isaeo
924 1880 1043 1943 fecerat,
1067 1878 1190 1928 rudinurn

126 1996 129 2031 3
166 1968 171 1981 ⁴
205 1958 335 2010 bominem
357 1959 466 2011 maiores
486 1962 567 2013 nostri
582 1963 609 2012 in
624 1963 755 2013 ciuitatem
770 1967 935 2028 receperunt:
952 1978 999 2013 nos
1020 1962 1089 2012 lunc
1110 1962 1190 2013 isera-

121 2075 124 2101 ;
206 2042 325 2095 eliensem
341 2042 429 2095 multis
443 2043 589 2096 ciuitatibus
607 2045 761 2113 assalitum,
778 2046 804 2095 in
817 2044 865 2096 lae
878 2051 963 2096 auum
976 2045 1077 2113 legitur
1091 2045 1189 2097 consti·

209 2133 313 2192 tuturo,
325 2128 357 2178 do
370 2133 461 2178 nostra
475 2126 577 2178 ciuitate
592 2127 745 2179 eiicicsnus?
778 2128 848 2181 Noas
868 2127 965 2195 siquis
986 2130 1111 2181 minorent
1126 2130 1187 2197 glo-

208 2211 266 2264 riae
283 2212 402 2275 fructura
421 2216 500 2278 putat
521 2226 552 2262 es
575 2212 679 2277 graecis
700 2212 813 2263 versitas
830 2212 929 2280 percipi
948 2228 1026 2279 quasa
1040 2230 1070 2265 es
1090 2212 1187 2274 latinis,

208 2294 366 2346 celennster
394 2300 472 2345 errat.
522 2295 602 2345 Caes.
628 2293 699 2345 Bell.
721 2295 789 2364 gall.
806 2295 840 2358 3,
868 2294 910 2346 12.
942 2296 1006 2347 laec
1029 2313 1058 2348 eo
1079 2295 1189 2363 facilius

208 2394 339 2448 nagnam
352 2373 454 2444 parte'sn
472 2379 576 2429 arctatis
585 2379 732 2444 faciebant,
753 2380 820 2447 quod
834 2387 938 2432 nostrae
952 2395 1030 2430 naves
1049 2385 1190 2445 tenpesta-

207 2464 276 2516 tiius
288 2461 465 2531 detinebantur
479 2478 628 2530 summoque
642 2469 698 2513 erat
716 2470 790 2515 oosto
803 2471 877 2532 atque
893 2471 981 2531 aperto
995 2464 1065 2515 asari
1079 2463 1188 2532 magnis

209 2546 333 2608 aestibus,
359 2547 428 2598 raris
447 2562 478 2600 ao
502 2564 583 2616 prope
603 2547 681 2598 nullis
700 2549 831 2615 portibus,
857 2547 1004 2623 difficultas
1026 2546 1188 2615 navigandi.

208 2629 325 2697 Namque
340 2630 454 2698 ipsorum
466 2648 543 2682 nares
558 2632 593 2683 orl
609 2631 677 2682 sune
694 2631 797 2684 nodum
808 2637 900 2698 saetae
916 2638 1084 2697 armataeque
1101 2637 1188 2682 erant.

209 2710 356 2780 Lippertus
370 2716 493 2784 supplet:
512 2713 644 2781 siquidem
654 2721 762 2767 nostrus
778 2731 861 2767 asses
875 2714 940 2766 huic
952 2714 1024 2766 mari
1040 2730 1092 2765 aaa
1108 2721 1189 2768 ornat

208 2798 434 2865 accommodatae,
451 2799 979 2871 accommodataesutemersuthartiom
992 2814 1091 2851 naves:
1109 2815 1187 2851 anm-

210 2897 263 2951 qas
282 2891 334 2935 etc.
369 2884 447 2951 Quae
461 2885 553 2938 omnio
573 2902 625 2938 aaa
646 2892 708 2938 sunt
721 2882 883 2937 accessoria.
926 2883 995 2935 Stat.
1020 2882 1089 2936 Sils.
1110 2882 1143 2945 1,
1159 2883 1188 2947 2,

208 2964 269 3020 lto.
286 2975 316 3020 at
331 2969 399 3021 caira
422 2971 464 3021 isio
485 2971 532 3022 tili
548 2970 679 3038 sanguine
702 2977 755 3022 toto
777 2970 895 3033 deditus,
913 2985 994 3019 unam
1012 2984 1098 3019 ornnes
1119 2968 1188 3019 inter

210 3051 324 3105 miretur
347 3061 466 3121 amatque
486 3071 531 3105 nee
548 3056 656 3119 formae
676 3071 722 3105 nee
743 3053 830 3120 stirpis
847 3069 943 3121 egens:
961 3068 1021 3102 narn
1042 3054 1121 3103 docta
1139 3069 1186 3121 per

209 3136 297 3187 uriesn
314 3137 429 3188 carmina
444 3138 489 3204 qui
502 3138 618 3199 iuvenes,
636 3154 702 3205 quae
717 3155 770 3188 non
783 3137 895 3187 didicere
914 3134 1039 3204 puellae?
1072 3133 1185 3203 Signifi-
1207 3124 1211 3131 ¹

215 3228 293 3273 catos
312 3220 415 3272 luisses
435 3228 509 3274 nota.
542 3222 578 3272 ci.
595 3237 665 3289 qnae
679 3220 772 3274 notavi
790 3220 823 3272 sel
847 3220 875 3270 h.
891 3219 911 3270 1.

253 3321 310 3375 cte.
333 3322 367 3374 do
386 3321 448 3374 niv.
463 3323 498 3386 2,
515 3321 567 3386 tl,
584 3323 628 3376 66.
655 3325 688 3377 de
708 3326 763 3392 ipso
782 3322 873 3374 Roscio
892 3329 975 3390 potest
998 3320 1064 3372 iilud
1082 3320 1184 3386 quidem

209 3421 260 3459 esse
269 3408 386 3474 salsura,
403 3414 433 3460 ut
446 3408 641 3478 circumligatus
649 3409 735 3475 suerit
747 3408 850 3476 anguis
867 3408 910 3458 sed
931 3405 1000 3458 utin
1022 3404 1093 3455 euna
1102 3404 1185 3470 suerit

209 3492 322 3559 anguis,
341 3510 391 3544 non
405 3499 459 3543 tara
474 3500 510 3544 est
524 3494 635 3556 snirnrn,
650 3494 677 3543 in
691 3492 796 3543 Solonio
810 3490 976 3559 praesertin,
995 3489 1039 3537 uli
1048 3488 1084 3538 ad
1093 3492 1184 3554 socusa

208 3590 304 3643 angues
317 3575 460 3628 nundinari
474 3577 563 3627 solent.
598 3577 667 3628 Nora
680 3576 747 3642 quod
765 3575 913 3643 horuspices
928 3572 1125 3641 responderunt,
1141 3572 1185 3623 ni·

208 3657 246 3708 aii
267 3659 313 3710 iilo
327 3660 438 3723 clarius,
457 3660 522 3710 niisii
540 3659 649 3710 nobilius
666 3664 743 3727 fore,
768 3660 866 3721 misor,
885 3660 944 3710 deos
957 3655 1115 3707 immortales
1141 3655 1184 3707 isi-

209 3741 302 3793 striooi
319 3746 415 3806 futuro
437 3745 588 3806 ostendisse,
611 3744 706 3795 nullasu
734 3743 874 3795 ostendisse
896 3742 1030 3809 Africano.
1056 3739 1085 3790 h.
1100 3754 1126 3795 a.
1151 3745 1184 3791 ut

208 3823 279 3875 illud
294 3842 345 3878 aon
362 3825 462 3879 miram
484 3835 543 3890 est,
562 3826 682 3894 proiecta
704 3827 757 3880 hoe
779 3826 873 3877 miror.
909 3823 1023 3891 Quintil.
1042 3820 1183 3886 2‚11,t.

207 3909 274 3961 unde
290 3912 338 3974 sit,
366 3919 393 3963 ut
413 3912 537 3963 (insoluta
558 3917 584 3964 et
610 3929 640 3963 ec
662 3912 767 3963 dioersis
787 3915 909 3979 congesta
933 3910 1020 3961 oratio
1045 3909 1184 3960 colsaerese

206 4007 258 4043 non
286 3996 382 4063 possit,
419 3996 559 4065 similisque
595 3996 781 4048 commentariis
811 4010 948 4063 puerorum
976 3995 1027 4057 sit,
1060 3994 1088 4043 in
1122 4009 1183 4060 quos

207 4091 253 4141 Ν,
279 4096 345 4147 quac
363 4080 424 4135 aliis
442 4079 645 4135 declamantibus
662 4079 774 4133 laudata
790 4085 867 4141 susst,
894 4082 1027 4148 cogerent.
1068 4076 1184 4146 Magnas
