2662 4906
144 280 186 342 rs
605 347 615 369 ,⁸
629 273 699 342 us.

146 448 290 518 Graecos
305 444 413 509 dicere
428 442 554 521 νέπους.
575 441 737 531 sriptum,
758 469 801 511 ne
816 467 857 511 ex
873 468 989 532 groeco
1006 471 1039 513 rs
1061 445 1129 508 sire
1146 471 1197 526 νη,

145 529 1195 617 sedutrumqueexbebrnicovocubuioputrnnsmutstoi'sctum

145 639 216 684 esse
231 616 332 682 disits
354 616 553 703 Hartungins
568 619 733 706 antiquius
744 617 879 684 verbum
895 618 1020 683 invenit
1034 619 1067 683 in
1084 617 1196 688 indico

144 728 213 783 nn,
250 702 337 767 unde
360 725 404 767 ne
432 711 463 764 et
486 702 526 766 ni
547 716 657 768 ortum
689 705 742 768 sit.
766 763 769 767 ,
794 702 857 767 Sed
889 705 1045 789 quonism
1079 705 1197 768 Gracci

144 793 243 857 etium
260 786 318 869 dr,
340 787 447 853 Lntini
474 787 512 854 io
535 789 576 853 nd
601 789 763 878 negandus
787 790 939 854 notiones
963 788 1198 868 adhibuerunt,

144 878 366 944 Buttmannus
389 873 553 961 primitiva
575 876 672 941 verbs
694 873 840 941 eiusdem
858 873 1107 960 significetionis
1123 876 1194 940 exi·

144 962 300 1029 stimsbnt
313 959 413 1026 fuisse
435 953 475 1023 siv
489 969 520 1024 et
537 982 593 1044 m:
614 983 713 1048 qoem
730 970 886 1046 sequutus
906 959 1198 1028 Weissenbornius

147 1051 182 1115 in
200 1049 383 1114 Grsmmnt.
409 1068 442 1133 p.
469 1047 540 1110 lid.
570 1048 688 1113 eodem
712 1046 816 1111 modo
838 1047 1013 1132 opinatur,
1036 1047 1075 1110 in
1097 1057 1130 1112 ct
1153 1069 1198 1110 ne

145 1156 188 1201 cx
204 1131 374 1199 communi
391 1133 519 1216 origine
534 1142 607 1199 noto
622 1155 691 1198 esse
707 1132 809 1200 rocnii
826 1133 876 1195 vel
895 1143 969 1220 post
990 1157 1030 1212 ιι,
1052 1131 1102 1197 vel
1120 1142 1197 1199 onte

145 1243 218 1286 eom
243 1213 386 1285 litterum
410 1216 544 1282 omisso.
596 1218 748 1300 Quodsi
772 1218 1007 1308 probaremus,
1030 1218 1197 1305 incognito

144 1306 341 1372 hs'beremus
359 1301 513 1368 vocabulo
528 1303 585 1368 ine
604 1315 636 1369 et
650 1302 719 1382 ἄνα,
742 1326 806 1370 nec
815 1301 913 1369 focile
928 1302 1196 1392 intelligeremus,

168 1392 316 1457 uomodo
332 1411 372 1454 ex
387 1389 443 1452 ine
465 1386 589 1453 fuctum
606 1400 690 1461 esset
708 1413 763 1455 ne.
804 1387 888 1455 tttud
913 1411 1015 1454 tinum
1041 1390 1123 1455 mihi
1146 1389 1197 1453 vi-

73 1524 85 1542 .
143 1416 241 1543 iietur
270 1476 506 1553 certissimum,
541 1474 712 1540 universos
745 1475 873 1560 generis
904 1473 1041 1540 humuni
1066 1475 1197 1562 linguae

143 1563 211 1628 hoe
235 1562 385 1626 inustum
411 1582 498 1639 esse,
520 1569 556 1624 ut
571 1561 704 1647 negotio
724 1581 785 1648 per
804 1573 925 1625 'rocem
949 1584 971 1625 n
988 1563 1195 1647 exprimere-

144 1659 218 1726 tur,
240 1659 338 1734 utque
356 1644 542 1710 rnrniisvel
560 1650 821 1734 pr'seponerctur
841 1645 888 1711 vel
910 1645 1103 1711 adderetur:
1129 1667 1193 1709 un·

145 1735 251 1800 dean
273 1743 304 1798 et
330 1728 368 1796 in
392 1742 538 1795 etunrt
560 1755 609 1796 nn
630 1741 768 1797 etneet
790 1731 845 1810 ιιί,
867 1742 900 1795 et
922 1742 1046 1795 mutntn
1070 1753 1194 1795 consu-

145 1829 243 1885 nonte
275 1813 316 1900 μὴ
347 1817 520 1881 diceretur.
585 1817 869 1904 'Prsnsponuntur
903 1825 1013 1880 sutem
1047 1815 1195 1896 litterae,

62 1944 66 1955 ·
146 1915 181 1969 ut
202 1897 663 1988 indoctdpfflvetunm,
688 1900 748 1983 priv
774 1911 806 1965 et
830 1922 931 1979 acm,
954 1900 1001 1964 sic
1025 1901 1065 1964 ni
1087 1913 1119 1966 et
1145 1903 1197 1965 in.

142 1991 277 2056 Veteres
293 1988 375 2053 odeo
392 2010 454 2076 pro
472 1988 542 2052 nisi
561 1985 820 2073 pronuntiabant
835 1985 911 2048 nesi
921 1995 954 2049 et
972 1985 1056 2050 sine.
1098 1986 1198 2068 Quos

142 2096 246 2164 quum
262 2075 404 2154 insint,
426 2083 516 2137 recte
533 2072 749 2160 componitur
763 2068 899 2134 lstioum
918 2094 960 2134 ne
976 2091 1051 2134 cum
1070 2073 1196 2156 graecis

141 2156 293 2243 νήποινος,
314 2154 470 2241 numeris
485 2167 517 2222 et
533 2177 607 2220 cum
625 2151 761 2238 ἀνηλεής,
776 2151 893 2235 coieris.
932 2156 1197 2223 Fundamentum

140 2243 242 2333 igitur
258 2246 438 2309 latinorum
451 2240 687 2307 vocabulorum
704 2251 773 2304 erut
788 2240 857 2316 nei,
878 2262 920 2306 ex
940 2263 1006 2328 quo
1023 2243 1126 2307 modo
1139 2267 1196 2320 ne,

142 2331 245 2396 modo
265 2329 312 2407 ni,
326 2327 450 2392 factum
472 2335 531 2390 est.
575 2327 683 2413 Atque
700 2324 780 2391 ittud
794 2325 853 2390 nei
868 2326 965 2392 etism
981 2348 1070 2392 nunc
1086 2339 1197 2394 exstat

140 2417 176 2483 in
191 2412 406 2502 inscriptione
421 2410 508 2500 opud
525 2409 689 2478 Orellium
707 2434 741 2475 n.
759 2415 853 2475 stet.
874 2412 914 2475 oi
929 2424 961 2477 et
979 2413 1055 2479 nive
1070 2414 1197 2478 ibidem

143 2512 176 2568 et
199 2525 233 2567 n.
251 2503 326 2565 642.
370 2491 419 2562 Ni
443 2519 506 2584 pro
526 2519 569 2560 ne
586 2507 708 2564 veteres
731 2494 871 2576 dixisse,
893 2497 1024 2563 Servius
1048 2499 1088 2563 sd
1109 2501 1197 2565 Aen.

142 2593 173 2665 3,
189 2588 264 2651 686.
281 2592 314 2648 et
328 2583 478 2648 Donatus
495 2579 535 2646 sd
551 2581 780 2647 'turensuun
797 2587 869 2662 2,8‚
888 2587 941 2648 35.
964 2589 995 2664 8,
1009 2589 1040 2659 3,
1058 2591 1087 2649 2.
1109 2607 1197 2648 nst·

142 2681 227 2737 rsnt.
261 2667 301 2732 In
317 2667 479 2756 Propertii
496 2673 528 2746 2,
544 2672 575 2743 7,
595 2668 655 2755 (6,)
674 2674 706 2733 3.
733 2688 835 2754 quum
851 2670 968 2733 ornnes
984 2671 1112 2734 codices
1130 2692 1197 2735 ex-

143 2756 278 2839 hibeant
308 2754 364 2831 ιιὶ,
411 2751 442 2815 id
478 2752 712 2819 Broukhusius
756 2753 931 2818 vindicavit
964 2754 1196 2843 inscriptionis

143 2841 313 2907 cuiusdam
333 2839 536 2905 suctoritnte.
581 2840 681 2920 Quod
707 2860 784 2904 vero
808 2863 850 2902 ne
875 2841 908 2903 in
929 2863 1035 2927 neque
1058 2841 1197 2905 brevem

141 2924 323 3028 syllabam,
344 2919 476 3012 longum
494 2926 524 2988 in
541 2947 687 3012 nequam
701 2922 811 3004 habet,
833 2923 874 2987 de
890 2925 953 2989 hnc
968 2948 1005 2990 re
1023 2925 1086 2991 inm
1105 2928 1196 2991 Vos-

142 3032 209 3078 sius
226 3007 266 3075 d‘e
282 3009 419 3097 Annlog.
442 3012 473 3080 t.
488 3013 540 3074 24.
566 3011 716 3097 scripsitr
741 3031 832 3092 „nec
848 3031 889 3072 cx
907 3016 1086 3097 quantitate
1108 3012 1195 3093 sola,

114 3130 117 3134 ·
142 3120 226 3180 quse
244 3094 476 3159 tantummodo
498 3095 645 3159 occidens
666 3105 733 3176 est,
756 3096 813 3158 sed
834 3095 997 3180 imprimis
1023 3119 1063 3161 ex
1087 3098 1197 3183 signi·

142 3182 295 3246 flectione
310 3180 467 3244 iudicium
483 3179 552 3244 fieri
569 3179 706 3246 debens
749 3181 864 3266 Neque
886 3182 986 3268 igitur
1001 3205 1075 3248 cum
1097 3183 1196 3247 Doe-

143 3266 282 3332 derlinio
297 3289 340 3330 ne
357 3266 454 3330 breve
478 3264 517 3328 nb
541 3287 584 3329 ne
601 3266 701 3354 longo
725 3267 769 3331 itn
788 3266 1045 3354 distinguamus,
1066 3278 1103 3333 ut
1127 3268 1196 3334 hoc

91 3392 96 3400 ·
144 3373 346 3416 unumcum
364 3349 405 3432 μὴ
422 3366 671 3436 comparemusr
696 3373 773 3417 som
799 3373 877 3416 nsns
901 3364 989 3429 erat,
1008 3354 1065 3438 qui
1090 3376 1195 3420 men·
1220 3430 1225 3440 x

141 3458 253 3502 snrsm
280 3437 324 3500 ob
350 3434 621 3520 significationem
653 3437 879 3502 constitueret.
932 3439 995 3502 Sed
1027 3439 1071 3503 ob
1103 3438 1195 3505 hene

143 3524 248 3611 ipsam
272 3519 518 3607 significationis
541 3542 684 3586 cousssm
707 3544 770 3588 nos
791 3523 1004 3587 discernimus
1028 3548 1071 3589 ne
1094 3524 1196 3590 offir-

144 3608 320 3681 mntirum,
363 3607 503 3671 aiterum
542 3609 749 3693 negativum,
792 3609 924 3673 tertium
959 3608 1196 3693 dubitativum,

141 3691 234 3780 qood
257 3703 437 3776 usurpatur
459 3693 493 3757 in
515 3691 847 3781 interrogationibus,
884 3695 969 3759 etin
1002 3719 1050 3759 un
1085 3706 1194 3762 trnns·

140 3788 305 3843 mutatum
324 3789 381 3841 ests

91 4002 93 4006 Α
225 3931 278 3996 Ds'
295 3952 337 3994 ne
359 3926 557 3996 affirmativo
581 3932 649 3995 ism·
671 3928 825 3995 diximus.
876 3931 913 3995 ln
938 3934 1089 4021 negativo
1115 3945 1195 4001 ante

142 4017 251 4081 omnin
269 4014 302 4079 id
319 4025 487 4080 teneamus
504 4037 635 4080 necesso
650 4025 716 4093 cst,
741 4016 941 4101 primitivam
963 4029 1112 4084 notursm
1131 4021 1194 4085 sd-

143 4100 243 4166 vorbii
259 4122 326 4166 non
342 4122 381 4166 eo
397 4122 457 4167 usu
473 4123 543 4167 esse
557 4101 877 4189 penitusmutntnm,
895 4124 962 4190 quo
974 4106 1194 4172 coniunctio-
