2662 4906
234 276 304 347 1οἃ
708 268 818 343 NON.

238 446 368 517 civium
379 438 555 515 taenmaa
577 461 692 508 aenam
706 442 815 509 etiam
824 439 972 593 patrias
983 442 1106 543 precer
1119 438 1285 528 repudia.

239 534 299 601 uit.
322 554 357 621 p.
372 531 485 597 Domo
501 534 532 605 8,
550 532 582 592 6.
596 527 673 594 oeni
695 550 765 592 non
785 551 823 594 ao
837 550 895 592 um
915 550 990 594 arne
1011 526 1094 593 attae
1117 527 1233 617 copiis
1249 552 1284 595 ac

237 640 356 695 mana,
375 614 617 681 verumetiam
639 635 717 677 cum
732 615 857 701 parreia
878 614 1012 679 amicis.
1035 614 1058 679 i.
1079 636 1111 679 e.
1124 632 1206 677 cum
1221 635 1284 683 uon

237 704 362 772 multis.
390 703 503 788 Neque
526 721 603 764 vero
617 720 702 786 opus
717 712 765 765 ast
780 722 816 764 ea
834 697 1026 781 subtilitate,
1047 720 1115 787 qua
1130 698 1283 799 Spaldin-

239 792 312 881 giua
327 793 361 853 in
375 787 462 853 Mus.
485 784 595 871 Antiq.
623 790 653 865 t,
679 789 733 850 71.
756 784 860 850 sicubi
885 786 1041 851 transitus
1060 782 1104 851 ad
1124 806 1283 855 minorem

238 896 312 944 rem
331 873 398 953 fiat,
415 868 650 935 attendendum
667 890 738 935 essa
756 871 819 949 ait,
848 870 975 935 maiora
998 869 1189 937 minoribus
1208 894 1283 939 oon·

240 960 342 1028 tineri
364 955 528 1041 simulque
553 977 631 1019 cum
663 955 779 1023 iisdem
801 955 901 1021 tribui
926 956 1124 1043 uuicuique,
1163 954 1206 1021 de
1227 974 1282 1044 qua

239 1056 366 1134 agatur,
388 1041 436 1107 rei
453 1040 504 1105 vel
529 1061 700 1128 personae.
742 1041 852 1108 Etiam
873 1041 1004 1109 minora
1027 1050 1173 1133 possunt
1196 1064 1280 1110 acce·

240 1132 319 1199 dare
333 1128 374 1193 ad
390 1127 530 1192 maiora.

339 1254 434 1327 Neque
452 1252 615 1324 reprehendi
632 1224 769 1307 detrudat
788 1216 871 1307 ΙΙῙιιιοο
891 1251 927 1307 sal
949 1250 1051 1321 Quirit.
1069 1250 1100 1321 1,
1117 1252 1161 1309 1².
1177 1258 1283 1314 aaut&

300 1360 338 1427 „⁰⁰
360 1350 475 1411 tenpore
495 1339 633 1392 clarurtmi
660 1339 713 1391 ciri
733 1356 787 1391 aaa
809 1339 892 1392 solam
919 1341 1117 1407 annonarum,
1141 1341 1187 1395 nt
1206 1345 1282 1399 αιἀι

305 1427 476 1482 testimoniam
490 1426 521 1477 la.
541 1425 628 1478 Gellii.
650 1440 739 1492 usqne
755 1440 788 1478 ea
801 1439 873 1491 quas
888 1440 912 1475 c.
927 1421 955 1488 2,
971 1422 998 1476 l.
1014 1423 1156 1495 leguntrn

341 1550 399 1606 cia.
412 1566 438 1618 p.
455 1548 485 1602 0.
501 1548 600 1605 Rabir.
617 1549 643 1614 δ,
659 1548 702 1602 lo.
718 1550 815 1603 lorum
828 1550 897 1603 erim
910 1549 1027 1603 orarium
1039 1566 1130 1603 ranan
1142 1568 1195 1603 m
1204 1551 1280 1604 calari

307 1644 412 1693 meaa
426 1643 504 1705 atpae
517 1636 663 1705 perpessio,
679 1634 725 1687 aed
741 1635 823 1687 etiam
844 1635 969 1701 conditio,
995 1634 1169 1707 amalo,
1196 1637 1281 1689 mua

306 1722 366 1791 ipra
374 1722 481 1790 dcnipae
495 1721 606 1790 indigna
622 1720 676 1773 clas
687 1736 796 1771 ronaco
809 1725 886 1789 atqua
893 1719 994 1773 laniae
1003 1720 1085 1775 litero
1098 1728 1147 1775 aas
1161 1736 1189 1789 p.
1204 1719 1281 1773 una

306 1804 350 1874 1⁰,
364 1804 407 1858 82.
425 1812 511 1868 restat,
526 1812 554 1857 ut
567 1820 653 1857 ornnes
667 1819 748 1855 anun
762 1802 851 1869 velint,
866 1805 1109 1873 permutabatur
1123 1805 1228 1873 ollpnii
1238 1824 1282 1859 m

306 1892 389 1943 salam
404 1888 564 1959 sapientias,
585 1891 630 1944 saal
643 1890 723 1943 etium
735 1891 866 1945 raritatis.
885 1888 965 1957 Quotl
980 1888 1125 1961 Kalaigia·
1144 1888 1283 1959 efflagitat,
1320 1926 1323 1957 ,

307 1972 414 2027 invenit
434 1972 556 2025 Hatsiun
578 1971 607 2028 in
625 1971 687 2033 cod.
707 1974 804 2028 trevir.
826 1974 871 2044 pai
883 1974 979 2028 batert
994 1976 1098 2045 aliquid
1119 1993 1175 2029 non
1189 1977 1283 2045 aapta·

307 2059 364 2115 ttae
375 2058 452 2111 aaa&
466 2066 518 2111 stc.
542 2057 649 2112 Tamen
671 2058 754 2113 stiam
768 2057 883 2130 vulgata
897 2057 1008 2113 delendi
1022 2060 1125 2129 prurit
1138 2057 1284 2129 scriptam
1320 2064 1323 2135 ξ

307 2147 352 2198 eet
369 2141 459 2209 eata,
476 2160 531 2196 nan
550 2144 639 2197 nolum
655 2141 716 2197 ttae
734 2144 912 2215 aspisatim,
927 2144 977 2199 est
997 2144 1084 2198 etiam
1101 2142 1257 2200 minam.
1321 2178 1323 2203 :

323 2272 378 2335 et.
415 2266 453 2332 ln
478 2289 538 2332 usu
563 2269 742 2334 verborum
774 2292 843 2335 non
866 2280 1003 2335 tantam
1021 2306 1066 2321 -
1092 2267 1159 2335 sed
1186 2268 1284 2335 stiunt

239 2374 344 2443 quum
359 2353 470 2418 omnia
486 2355 534 2418 vis
551 2364 584 2418 et
599 2355 786 2444 proprietas
801 2354 840 2419 ad
857 2365 1008 2420 naturam
1031 2355 1188 2421 vocabuli
1209 2366 1284 2420 tan·

239 2437 446 2615 ἕῖἰιῖαζίξῖή
461 2438 595 2517 debeat,
617 2439 660 2508 dc
677 2462 717 2506 co
736 2440 854 2521 dicum,
874 2441 931 2508 ubi
945 2440 1216 2513 huiusmaturam
1229 2462 1284 2507 ex-

324 2657 377 2717 ⁸2.
407 2650 529 2733 Restat,
554 2661 589 2715 ut
611 2649 652 2715 de
678 2649 794 2716 ordine
815 2650 990 2717 verborum
1015 2651 1050 2716 iu
1066 2651 1119 2717 hia
1134 2649 1282 2717 formulis

240 2736 358 2804 dicam.
401 2739 508 2824 Atque
531 2759 571 2802 cx
595 2736 677 2802 locis
701 2738 805 2802 allatis
830 2738 996 2825 colligitur
1021 2761 1088 2801 nou
1118 2738 1192 2802 sine
1207 2743 1283 2803 iusta

240 2844 352 2889 caussa
375 2827 587 2907 negationem
616 2832 670 2888 aut
694 2845 771 2887 cum
805 2823 905 2889 altera
932 2823 1092 2911 particula
1121 2823 1283 2908 coniungi,

239 2919 296 2975 aut
319 2910 518 2995 interposito
541 2909 605 2973 alio
631 2910 765 2973 uomina
794 2910 918 2997 seiungi
936 2910 977 2974 ab
997 2930 1046 2974 ea.
1066 2908 1177 2977 ,tttad
1192 2920 1284 2974 uatu-

238 2994 300 3059 rali
315 2996 500 3083 negationis
514 3014 623 3072 nexu,
642 2994 708 3058 hoc
733 3004 842 3059 autem
871 3017 929 3080 per
952 2996 1197 3071 inversionem,
1225 3016 1285 3081 qua

238 3081 347 3145 maior
364 3090 508 3169 potestas
527 3079 686 3145 vocabulo
705 3080 873 3147 interiecto
890 3079 1063 3157 tribuatur,
1078 3079 1152 3147 lieri
1169 3080 1284 3144 docent

238 3165 456 3253 grammatici.
516 3166 619 3246 Quod
649 3188 717 3230 non
748 3168 886 3230 omnino
912 3188 1024 3231 verum
1051 3165 1134 3230 mihi
1160 3166 1285 3230 videtur

239 3274 319 3318 erse.
362 3251 449 3315 Nam
466 3252 500 3314 in
518 3274 586 3314 non
601 3252 712 3330 modo,
729 3276 797 3318 uon
812 3252 921 3318 solum
936 3252 1059 3318 accedit
1075 3275 1117 3316 nc
1142 3253 1209 3315 atio
1224 3252 1285 3317 iam

238 3338 389 3403 restricta¹
402 3336 442 3399 ad
460 3337 673 3402 sententiam:
699 3336 754 3415 ubi
776 3349 884 3403 autem
902 3338 983 3403 lraec
999 3275 1157 3402 vocabula
1185 3340 1285 3404 inter-

237 3422 349 3511 posito
365 3421 501 3486 nomiae
524 3423 762 3513 seiunguntur,
791 3436 945 3511 negatum
969 3447 1092 3489 nomeu
1115 3422 1287 3510 restringi-

236 3516 311 3573 tur:
334 3505 422 3571 uude
444 3505 490 3586 fir,
511 3517 547 3570 ut
567 3508 624 3574 illo
641 3508 744 3575 modo
770 3513 862 3596 prior
880 3532 956 3598 pars
981 3510 1167 3576 sententiae,
1185 3509 1307 3596 nagia,

236 3592 461 3680 reprimatur,
484 3592 584 3658 altera
611 3594 800 3660 attollatur:
833 3597 866 3659 id
894 3595 984 3682 quod
1017 3597 1165 3661 maxime
1188 3596 1222 3661 iu
1244 3616 1285 3658 eo

236 3680 458 3768 conspicitur,
489 3680 597 3764 quod,
627 3680 683 3745 ubi
713 3682 857 3770 simplex
890 3679 952 3745 acal
981 3683 1148 3766 sequitur,
1189 3679 1288 3746 rerba

236 3787 305 3831 noa
328 3763 430 3830 modo
455 3762 523 3829 fere
543 3788 613 3830 non
629 3767 856 3855 seiunguatur.
900 3763 979 3832 Non
999 3766 1101 3831 modo
1121 3767 1289 3831 lacrimu-

236 3850 328 3925 lam,
370 3849 432 3914 sed
455 3851 582 3915 multus
606 3851 770 3917 lacrimas
795 3864 826 3917 et
846 3850 973 3943 fletum
997 3853 1111 3918 videre
1130 3852 1289 3939 potatui.

211 3935 407 4013 ,Ilistractis
421 3934 485 4000 illia
508 3937 674 4002 vocabulis
697 3949 808 4003 manet
832 3939 949 4025 cuique
975 3940 1023 4004 via
1046 3938 1238 4027 singularis,
1259 3947 1291 4002 et

235 4040 291 4087 ras
304 4021 409 4110 priori
426 4020 501 4088 loco
517 4022 603 4091 dicta
619 4045 689 4088 noa
715 4025 825 4089 minus
848 4027 1038 4113 spectanda*
1049 4034 1099 4089 est
1122 4047 1225 4113 quam
1240 4023 1289 4088 al·

237 4115 320 4176 terr.
375 4108 574 4197 Comparari
601 4119 815 4201 patraturus
838 4110 1018 4182 verborum
1046 4134 1118 4178 aaa
1140 4110 1288 4200 quidem
