2662 4906
618 299 719 393 ursi
764 372 772 386 ,
1123 302 1185 367 221

136 471 189 535 nie
212 469 261 545 dc,
280 471 355 537 Seu.
376 474 409 553 7,
429 474 483 536 21.
504 479 543 535 ot
563 469 730 535 memoria
744 469 945 553 minuitur„
968 466 1098 534 credo.-
1118 469 1189 535 nini

136 578 215 621 cum
237 579 405 621 exercear.
433 556 497 620 Per
512 564 547 619 ce
563 567 694 620 constet
705 556 864 619 cententio
878 555 1045 620 memoria
1057 554 1189 619 minui-

136 653 213 722 tur,
236 662 318 729 quoe
340 662 418 728 porr
440 641 621 704 sententiae
641 640 870 706 conditionalis
893 650 987 719 esset,
1009 642 1036 703 ei
1063 639 1188 704 dicere·

136 739 212 790 tur:
256 727 288 791 ei
322 748 400 791 eum
430 748 500 790 nou
527 730 687 806 exercee,''
707 726 873 791 memoria
907 726 1092 791 minuiturr
1129 725 1188 789 red

138 834 244 899 quum
267 811 387 876 dicitur
400 811 472 876 niti
493 832 572 876 eam
586 834 729 889 exerceo,
752 810 878 878 accedit
899 811 1074 889 sententia,
1103 831 1189 895 quoe

138 897 336 985 primarium
356 898 550 962 sententium
567 899 767 983 restringat,
796 907 893 985 etque
920 897 1188 984 consequentium

138 983 273 1047 aliunde
288 980 412 1048 offeret.
460 981 498 1047 ld
518 982 675 1047 Germani
694 980 888 1069 significent
897 980 1001 1061 verbio
1017 1006 1051 1047 ee
1065 978 1188 1070 mejite

139 1068 236 1132 deme
256 1090 337 1216 epyri
359 1063 448 1157 desc.
488 1067 573 1132 Hinc
590 1089 669 1131 vero
694 1068 909 1155 intelligitur,
939 1089 1007 1155 quo
1029 1068 1132 1132 modo
1154 1068 1190 1131 in

141 1156 270 1219 eiusmo
296 1155 305 1219 i
320 1152 476 1219 cententio
488 1152 657 1217 recondito
671 1152 713 1217 sit
728 1151 907 1217 affirmatio
924 1154 1098 1218 contrarii:
1120 1152 1192 1218 rel·

139 1241 190 1302 uti
212 1240 377 1304 memorio
398 1262 467 1304 non
485 1238 668 1318 minuitur,
697 1237 729 1301 ri
750 1260 829 1302 eam
850 1262 1001 1303 exerceo.-
1034 1237 1192 1327 intelligi·

140 1335 198 1387 tur
214 1325 331 1406 etium,
356 1322 528 1410 quomodo
549 1322 631 1389 duee
654 1324 903 1388 coniunctiones
926 1325 1088 1410 componi
1134 1346 1193 1388 oo-

140 1410 207 1475 eint
225 1408 296 1473 uici
313 1410 413 1496 qrtia,
436 1408 507 1473 niti
527 1407 618 1495 quod
639 1408 675 1472 in
688 1409 864 1474 contructis
881 1410 1062 1474 sententiis.
1098 1346 1193 1475 don-

140 1495 253 1581 epicuu
282 1504 333 1558 est
356 1498 471 1559 eodem
493 1495 576 1558 rutio
601 1494 635 1557 in
658 1494 801 1560 dictione
824 1494 895 1558 nini
916 1518 984 1559 nou
1009 1494 1059 1558 vie
1074 1493 1191 1572 (Plnut.

140 1578 234 1647 Men.
252 1580 285 1653 5,
302 1583 335 1657 2,
349 1582 426 1659 ott,
443 1598 542 1665 quom
558 1578 700 1666 explices
715 1577 895 1655 condico,
918 1581 949 1647 ei
962 1603 1031 1645 uon
1048 1580 1109 1643 eie.

230 1662 392 1727 Errorem
416 1684 544 1743 eorum,
577 1665 633 1751 qui
660 1667 836 1731 sententies
868 1687 928 1753 per
954 1664 994 1729 ni
1020 1687 1059 1729 ex
1086 1684 1192 1729 reseco

144 1748 187 1811 nd
210 1749 281 1813 nici
303 1748 497 1821 retulerunt,
519 1770 620 1835 supro
644 1770 679 1836 p.
698 1752 769 1814 188.
792 1751 988 1816 notavimus.
1071 1773 1089 1814 e
1118 1749 1192 1835 quie

142 1843 259 1896 tumen
280 1834 453 1910 existimet,
478 1832 524 1913 id,
569 1832 636 1897 uod
656 1833 760 1898 modo
781 1834 867 1913 dixi,
887 1857 959 1900 non
980 1835 1137 1922 quadrare
1157 1834 1194 1899 in

143 1940 198 1983 eos
221 1919 417 1996 sententiae,
439 1918 475 1982 in
496 1857 615 2004 quidue
630 1918 718 1996 nisi,
741 1919 776 1984 in
791 1921 896 2006 priori
910 1930 1003 2007 parte
1016 1919 1194 1985 sententiae

145 2001 313 2093 positum,
346 2002 683 2077 exhibere'videutur
714 2004 871 2069 directam
918 2006 1061 2084 rotario,
1095 2000 1194 2070 veluti

146 2087 235 2176 opud
260 2087 395 2153 Cornel.
417 2088 538 2175 Epcm.
560 2090 592 2165 4,
614 2094 647 2154 3.
669 2088 741 2153 uici
758 2088 799 2152 id
819 2028 1110 2180 conssott'msacie,
1130 2111 1195 2176 ego

146 2184 180 2238 te
203 2172 346 2237 tradam
366 2172 595 2259 magistratui
600 2199 612 2235 .-
636 2172 760 2260 duplex
779 2184 830 2238 eet
851 2175 1054 2262 respiciendo
1073 2192 1195 2240 ceuceu.

145 2258 234 2325 Nam
254 2259 441 2323 coniunctio
457 2257 558 2323 semel
578 2256 663 2322 fucta
683 2258 753 2322 nisi
776 2261 876 2325 etiem
902 2269 976 2323 toto
1000 2258 1112 2326 officio
1133 2280 1194 2323 suo

145 2344 313 2429 fungitur,
334 2352 367 2408 et
390 2352 501 2432 potest
516 2364 592 2407 cum
608 2344 676 2408 cuir
691 2343 799 2408 verbis
817 2345 914 2409 etium
929 2345 1059 2409 inverso
1079 2344 1196 2409 ordine

148 2440 248 2515 atque
268 2426 382 2518 primo
403 2431 479 2495 loco
505 2430 599 2516 poni.
642 2427 804 2508 Idenim,
850 2428 916 2494 uod
936 2428 1121 2494 addendum
1137 2438 1196 2507 eet,

147 2515 356 2603 anticipetur,
372 2526 404 2579 et
425 2514 472 2593 id,
492 2514 583 2602 'quod
600 2512 775 2579 adhaerere
796 2453 898 2595 edict,
923 2512 1021 2581 etium
1042 2514 1196 2581 interseri

148 2610 272 2689 potest.
314 2599 405 2665 Tum
427 2622 505 2664 vero
525 2599 665 2685 vulgaris
687 2599 817 2684 linguae
834 2622 919 2681 usus,
938 2612 976 2663 ut
991 2600 1101 2699 poullo
1118 2611 1195 2687 post

148 2685 352 2764 videbimus,
386 2707 458 2750 eum
482 2685 644 2750 licentium
668 2684 811 2761 obtinet,
848 2708 911 2772 quo
933 2687 1001 2750 nior
1027 2696 1058 2750 et
1082 2686 1196 2750 cinon

151 2782 409 2838 commutentur.
450 2770 537 2836 Nom
552 2791 649 2859 saepe
687 2793 779 2835 urum
797 2782 853 2834 cut
863 2769 946 2835 nihil
960 2768 1071 2851 refert,
1085 2780 1197 2835 utrum

151 2860 314 2945 cogitem,
346 2856 375 2920 ei
399 2855 537 2921 alterum
562 2879 633 2921 non
654 2792 728 2936 dat,
748 2856 888 2922 alterum
911 2877 999 2919 esse:
1027 2855 1196 2939 inquibus

150 2966 211 3033 per
229 2942 497 3028 consequentiam
521 2941 644 3008 directe
659 2951 911 3029 componuntur
924 2963 994 3006 rest
1020 2964 1061 3006 on
1078 2942 1119 3006 de
1131 2962 1196 3006 uno
1264 3006 1269 3019 ,

151 3051 189 3094 rc
214 3027 412 3115 praedicem,
440 3049 512 3091 enm
536 3050 623 3105 erse,
653 3026 710 3092 eed
734 3049 805 3091 non
829 3050 921 3102 esse,
958 3027 986 3091 ei
1017 3026 1117 3091 alteru
1145 3026 1197 3090 eit.

150 3114 339 3180 Discrimcn
354 3113 443 3177 onim
459 3114 494 3179 in
511 3134 551 3177 eo
568 3112 731 3189 cernitur,
755 3122 810 3189 nt,
831 3111 887 3176 ubi
901 3112 971 3176 nisi
985 3109 1125 3193 dicitur,
1149 3111 1198 3176 rie

152 3199 359 3287 cogitationis
375 3201 581 3264 continentur
594 3199 630 3263 in
647 3196 811 3264 offirmato
825 3199 997 3278 cententio,
1016 3197 1073 3263 ubi
1088 3208 1199 3284 nutem

150 3286 183 3349 ei
197 3307 278 3361 non,
308 3284 343 3346 in
367 3296 499 3370 negate,
529 3304 570 3348 ex
600 3304 663 3371 quc
701 3282 802 3350 oltern
825 3282 1007 3349 deducitur.
1048 3282 1132 3349 Illud
1149 3292 1199 3348 est

152 3370 277 3455 cogito
293 3388 451 3433 remmon
468 3390 556 3435 cere.-
575 3367 641 3434 hoc
655 3366 705 3433 eet
725 3390 769 3435 nc
788 3371 906 3457 cogita
926 3391 1001 3434 rem
1021 3390 1102 3435 cecc.
1127 3366 1199 3434 Iam

151 3454 283 3541 cingulo
304 3474 564 3537 percenseamus.

241 3548 271 3605 1.
303 3540 363 3602 Per
383 3538 452 3603 niti
473 3538 674 3627 significetur
694 3538 863 3624 exceptio,
891 3559 974 3626 quoe
998 3536 1038 3602 nd
1055 3536 1200 3624 uliqunm

154 3624 349 3691 sententiam
373 3624 506 3691 aceedit.
537 3624 694 3689 Ponimus
714 3622 860 3711 aliquem
879 3646 951 3690 rem
967 3645 1037 3688 eree
1058 3623 1110 3688 vel
1129 3623 1202 3689 fieri

156 3732 226 3775 non
245 3731 303 3794 per
322 3710 589 3808 consequentium
610 3732 649 3775 ex
673 3709 753 3774 oliuo
772 3711 821 3774 rei
839 3709 1047 3789 conditione,
1070 3708 1126 3773 sed
1144 3712 1200 3788 ito,

158 3806 193 3858 ut
213 3796 412 3882 reprimatur
428 3795 482 3869 rd,
504 3796 611 3884 quod,
633 3793 661 3861 ei
685 3806 752 3877 est,
771 3797 876 3883 ipsum
891 3817 962 3859 rem
983 3794 1033 3859 vel
1050 3795 1094 3874 id,
1110 3794 1201 3881 quod

161 3880 282 3944 dictum
312 3891 393 3963 erut,
415 3880 503 3946 tollit
529 3882 580 3947 vel
602 3880 743 3968 impedit
769 3880 819 3949 vol
841 3888 979 3945 coercet.
1022 3882 1201 3945 Gramma-

161 3966 214 4029 tici
235 3968 270 4030 in
291 3965 490 4031 declarando
512 3965 579 4032 hoc
603 3986 666 4033 uro
695 3965 850 4032 adhibent
878 3967 1063 4055 germanice
1086 3961 1202 4053 ausecr

163 4072 278 4130 wenc,
309 4052 429 4137 quibus
451 4061 579 4118 tuntum
603 4074 672 4117 non
699 4056 810 4117 omnin
833 4063 907 4141 opto
938 4061 1014 4116 sunt
1037 4072 1131 4114 exem
1156 4048 1202 4114 le.

167 4135 358 4226 Comporuri
375 4148 486 4228 potent
508 4160 551 4206 ex
574 4148 669 4228 porte
692 4138 834 4226 quedem
858 4138 996 4205 verbum
1012 4072 1202 4221 obgeeeiicn
