2662 4906
44 306 47 310 ’
143 295 203 359 174
355 228 358 233 Ι
530 284 657 355 Nava.
693 286 806 397 Nlill.⁴

41 508 47 517 .
141 461 301 528 iunctioui
316 460 488 525 submissa.
530 461 717 548 Wagnerua
732 460 831 547 igitar
854 457 889 523 in
909 458 1046 539 Quaect.
1076 459 1185 549 virgil.

141 552 195 614 86.
220 569 254 632 p.
272 549 347 611 579.
376 567 444 610 non
468 545 545 611 satis
571 557 720 612 accurate
741 546 899 630 loquutus
926 556 994 623 eat,
1014 566 1100 611 neve
1122 568 1185 614 aare

140 633 257 710 leuius,
273 629 392 696 lortius
408 653 481 696 aec.
516 632 565 696 De
579 655 642 696 nec
657 653 721 731 pro
737 643 770 695 et
786 653 829 695 ne
846 629 955 717 posito
973 629 1048 695 vide
1067 651 1104 717 p.
1118 636 1184 698 118.

141 716 322 804 Multiplex
338 727 446 781 autem
463 727 511 779 eat
524 715 620 781 huius
640 717 867 782 disiunctiouia
882 713 1013 781 format
1035 736 1118 780 nam
1135 728 1185 782 aut

143 804 265 869 dicitur
286 805 319 866 ia
346 801 473 865 duobus
504 804 682 868 sententiae
710 801 868 866 membris
892 823 935 865 ne
959 835 998 852 -
1023 823 1112 881 nera,
1136 814 1183 867 aut

48 892 56 908 '
141 908 208 954 neu
223 922 265 936 -
284 908 366 956 nen.
390 897 445 950 aut
469 888 634 975 praecedit
657 889 692 952 in
717 888 820 975 priori
842 884 997 951 membro
1019 888 1183 976 imperati-

143 995 201 1041 vus
219 973 268 1038 vel
284 972 508 1036 coniunctivae
526 984 682 1060 aequente
696 994 778 1050 near,
799 983 854 1036 aut
874 971 1011 1060 ponitur
1026 973 1065 1036 in
1085 975 1182 1060 prima

142 1069 238 1147 parte
261 1059 438 1122 sentcntiae
460 1070 517 1133 ut,
547 1061 581 1123 in
610 1058 822 1138 alterumn,
852 1068 909 1123 aut
934 1078 1002 1120 una·
1028 1061 1182 1131 contentia
1222 1082 1225 1153 a

140 1153 273 1231 negatas
292 1143 390 1206 habet
406 1143 484 1207 dum
502 1154 609 1230 partes
628 1165 688 1231 per
704 1155 764 1207 aut
779 1178 823 1193 -
839 1154 900 1207 aut
921 1142 1113 1226 distinctae,
1135 1156 1183 1209 aut
1223 1164 1225 1211 Ι

143 1228 209 1294 duo
227 1229 376 1294 membra
393 1229 599 1294 collocantur
613 1251 683 1294 non
698 1251 783 1294 nexa
800 1227 848 1292 bia
865 1228 976 1315 posito
994 1250 1052 1292 ne.
1222 1214 1225 1321 l

223 1369 258 1430 2.
280 1365 388 1450 Atque
402 1385 467 1427 nea
482 1401 526 1413 -
541 1385 606 1429 nen
622 1360 767 1452 optia‘nua
786 1362 924 1450 quisque
939 1361 1086 1451 scriptor
1103 1362 1182 1442 dicit,
1222 1324 1225 1381 Ι

143 1450 275 1536 quando
299 1451 431 1534 utrique
457 1449 542 1534 parti
565 1470 629 1513 ana
652 1461 701 1512 est
728 1449 814 1512 ratio
842 1468 1011 1535 unumque
1040 1450 1181 1530 verbum,

141 1531 198 1599 aed
215 1558 316 1601 ne-
331 1553 407 1610 neu,
424 1533 479 1597 ubi
498 1526 626 1599 d'uobua
643 1533 749 1600 uerbis
766 1532 1010 1622 distinguuntur
1026 1556 1093 1612 ree,
1110 1555 1182 1621 qua-

141 1640 220 1685 rum
235 1621 343 1683 neutri
362 1619 562 1684 concedatur
578 1641 658 1684 csse.
700 1620 811 1684 Potest
830 1629 942 1684 tamen
966 1620 1066 1683 etiam
1086 1623 1182 1708 parti·

143 1704 225 1770 culis
240 1727 283 1769 ne
297 1741 341 1752 -
355 1727 419 1768 nea
435 1725 537 1769 unum
555 1705 693 1771 verbum
707 1703 875 1785 submitti,
897 1705 923 1769 si
940 1705 1042 1769 altera
1057 1728 1111 1770 rea
1133 1728 1182 1769 ac·

143 1780 248 1870 ledit,
274 1811 333 1854 uec
347 1788 386 1853 fit
401 1789 577 1855 disiunctio
597 1801 702 1855 recta:
728 1788 769 1854 de
785 1810 850 1876 qua
866 1812 902 1855 rc
920 1789 994 1855 vide
1009 1812 1062 1854 nr.
1079 1795 1112 1856 8.
1132 1802 1182 1854 aut

142 1898 187 1942 ne
203 1884 288 1939 arcte
304 1875 457 1939 cohaeret
472 1897 547 1939 cum
569 1878 642 1963 ipso
660 1874 761 1939 verbo
781 1876 842 1954 ita,
864 1886 901 1939 ut
915 1875 1095 1943 disiunctio
1112 1874 1181 1943 bre-

141 1962 242 2027 vitate
256 1961 298 2024 sit
312 1981 506 2059 suppressa,
526 1962 625 2026 veluti
649 1960 734 2047 apud
752 1961 817 2025 Cic.
837 1961 930 2025 Orat.
947 1966 979 2040 9,
995 1966 1048 2028 29.
1070 1973 1183 2026 ornate
1223 1964 1225 1969 ⁴

143 2067 220 2111 cero
236 2057 269 2111 et
281 2061 441 2132 gravarer
455 2057 489 2110 et
506 2047 642 2132 copiose
661 2046 773 2110 dicere
788 2045 1053 2111 aatAaicaram
1067 2046 1113 2112 ait
1129 2059 1183 2112 aut

143 2152 186 2197 nc
211 2131 258 2194 eit
280 2131 463 2195 Aeaclainei
493 2154 573 2196 neve
598 2130 841 2196 Demosthenen
867 2133 1002 2196 atticae.
1044 2132 1117 2198 Liv.
1138 2137 1182 2210 89,
1223 2144 1225 2183 :

144 2220 196 2297 18,
211 2219 243 2280 8.
262 2239 305 2280 ne
321 2238 387 2302 qua
402 2213 630 2280 bacchanalia
646 2213 774 2281 llomae
790 2239 876 2280 neue
893 2217 930 2281 in
945 2216 1058 2281 Italia
1073 2230 1182 2283 eareat.
1222 2228 1225 2245 ¹

142 2299 210 2366 hoc
226 2311 292 2366 est:
320 2322 362 2364 ue
385 2320 450 2387 qua
472 2299 679 2365 bacchanalia
703 2322 769 2366 neu
789 2301 918 2368 Romae
939 2323 1023 2367 neve
1040 2304 1078 2368 in
1099 2303 1183 2369 ltalia

143 2394 263 2452 esseut.
333 2413 334 2417 ¹

244 2501 511 2570 Phameam-21,
531 2501 574 2556 21.
590 2505 675 2558 amede
695 2532 729 2544 -
752 2523 785 2559 ne
805 2504 900 2558 arbitri
922 2506 995 2559 dicta
1013 2515 1106 2561 namra
1122 2508 1184 2562 arli-

177 2612 182 2621 ·
210 2589 283 2641 trari
298 2594 402 2655 queunt,
421 2605 471 2640 neu
484 2595 615 2658 pmmaraet
629 2591 890 2659 palumltaecnoatru
900 2591 1026 2657 fallacia.
1059 2592 1185 2646 Bucchil.

208 2671 236 2737 4,
248 2672 275 2735 4,
288 2670 332 2725 tu.
356 2670 434 2724 Tria.
449 2672 475 2737 3,
491 2672 518 2737 3,
526 2671 569 2727 25.
589 2673 702 2725 Trucul.
717 2673 743 2740 1,
758 2674 785 2740 2,
800 2674 826 2728 3.
844 2675 929 2726 Mero.
948 2674 973 2738 1,
988 2674 1016 2740 2,
1030 2673 1057 2728 6.
1078 2677 1184 2730 Taceat.

208 2756 290 2812 Andr.
310 2757 336 2820 1,
353 2753 379 2818 5,
397 2753 440 2808 56.
458 2764 483 2810 te
499 2758 663 2820 oblectantia
679 2761 724 2811 aba
739 2767 763 2812 tc
782 2761 847 2811 hauc
861 2776 993 2829 segreges,
1013 2777 1065 2814 neu
1082 2764 1187 2816 «leram

209 2843 279 2895 Eun.
292 2839 405 2905 ²‚²‚⁴⁶·
423 2848 446 2892 tc
462 2869 496 2879 -
514 2843 758 2910 autoramentum,
777 2862 809 2896 nc
823 2862 923 2895 aurarem
939 2845 1059 2897 ‹leoraum
1074 2850 1185 2913 cursitet,

210 2943 364 2994 necemque
379 2925 416 2978 ad
432 2926 512 2979 lucem
526 2928 626 2996 uigilet.
638 2926 749 2980 Pharan.
766 2927 791 2993 1,
803 2921 833 2991 8,
848 2926 874 2980 5.
893 2930 961 2982 Cato
974 2929 1009 2981 dc
1024 2932 1067 2983 Re
1083 2930 1189 2994 ι.31,4.

211 3013 315 3066 omniuo
330 3017 434 3074 caueto,
452 3028 484 3062 ae
505 3029 584 3078 qaam
599 3014 737 3066 materiam
758 3014 845 3081 dalea,
861 3030 912 3065 neu
936 3016 1044 3080 maur,
1062 3033 1112 3068 aea
1133 3025 1189 3069 taa-

209 3115 278 3167 gaa‚
297 3097 320 3148 ai
332 3104 420 3162 poter,
441 3096 493 3147 niai
509 3097 612 3148 ciccum.
654 3097 711 3150 cic.
727 3098 760 3151 acl
775 3097 852 3151 Fam.
869 3094 1011 3163 15,12,3.
1029 3101 1147 3166 efficiar,
1160 3117 1190 3152 ae

210 3182 272 3251 quial
297 3181 363 3232 mili
377 3184 434 3248 fiat
456 3182 570 3233 iniuriae
577 3218 585 3244 ,
602 3198 663 3234 neae
684 3184 745 3249 qaid
770 3184 890 3251 temporie
908 3185 944 3235 ad
964 3201 1050 3237 meum
1076 3202 1189 3238 annuum

207 3281 301 3318 munus
315 3266 430 3318 accedat.
464 3263 541 3318 cuca.
561 3265 593 3316 B.
610 3264 663 3317 civ.
679 3266 713 3328 1,
729 3263 772 3319 811.
793 3284 824 3318 ac
847 3267 909 3335 quial
928 3268 961 3318 iia
982 3275 1125 3332 noceatur,
1141 3286 1191 3320 neu

211 3349 269 3417 quia
304 3348 398 3400 inuitae
427 3356 616 3402 accrementum
645 3351 729 3404 dicere
757 3358 869 3420 cogatur
888 3370 905 3402 a
928 3352 1055 3419 caecare,
1081 3360 1191 3406 muctar.

209 3429 522 3498 3133112228.
549 3434 582 3499 Q.
597 3434 655 3486 Cic.
676 3435 763 3503 Epist.
783 3435 826 3498 16,
842 3434 869 3498 8,
883 3435 909 3488 2.
935 3434 994 3488 Liv.
1011 3435 1038 3502 3,
1053 3435 1099 3502 51),
1114 3436 1139 3491 5.
1160 3453 1191 3489 ae

207 3518 274 3586 quod
288 3518 368 3568 aceiae
379 3520 430 3587 Ap.
451 3518 557 3571 Claudii
571 3521 720 3584 erret‚‘cili
734 3521 927 3574 adtribuerent:
947 3538 997 3573 aea
1011 3539 1039 3574 te
1052 3529 1083 3574 ut
1099 3522 1191 3591 purri-

210 3602 298 3673 cidcm
315 3602 421 3654 liberum
447 3612 636 3656 aversarentur.
669 3601 712 3667 23,
729 3603 756 3668 1,
773 3602 799 3654 4.
818 3623 851 3658 ea
865 3625 897 3659 ae
908 3610 1020 3673 flereat,
1037 3623 1088 3658 neu
1111 3607 1191 3674 lega-

209 3686 247 3737 tio
267 3686 410 3739 mitteretur
424 3687 460 3737 cal
476 3687 596 3739 Poenum
628 3687 753 3756 Propert.
772 3689 797 3752 1,
816 3689 859 3753 11,
873 3688 917 3742 21.
935 3692 1033 3743 Horat.
1050 3689 1108 3742 su.
1123 3688 1149 3752 2,
1165 3687 1192 3749 5,

208 3767 252 3823 31.
270 3768 366 3838 Virgil.
385 3770 435 3822 Ge.
453 3769 480 3835 2,
495 3768 556 3823 251.
576 3772 602 3836 1,
617 3771 660 3826 8⁰.
687 3772 796 3838 least,
816 3771 876 3826 6116.
904 3774 1008 3826 Iaucaa.
1024 3774 1051 3838 2,
1066 3771 1127 3826 1188.
1143 3773 1193 3827 abi

210 3852 334 3923 Guyetat
350 3855 423 3907 malo
441 3854 526 3908 elidit
541 3873 595 3909 nec.
629 3854 709 3909 0via.
724 3859 799 3910 unat.
814 3858 840 3924 1,
854 3857 969 3912 ‘tt-tu·

245 3956 314 4018 Cato
327 3956 361 4008 dc
373 3959 415 4009 Rc
430 3975 451 4011 r.
466 3957 493 4020 3,
501 3936 526 4009 11
541 3960 582 4011 ita
596 3959 724 4024 aedificer,
739 3977 772 4011 nc
786 3961 850 4011 oilla
858 3963 976 4025 fandum
994 3968 1113 4028 quaerat,
1129 3978 1192 4013 aeae

206 4041 308 4108 {andus
330 4042 431 4093 uillam.
473 4041 577 4093 Eadem
601 4043 687 4095 verbu
707 4044 792 4096 affert
812 4044 964 4096 colunnella
988 4044 1022 4107 1,
1043 4043 1077 4107 l,
1091 4043 1117 4095 Β.
1142 4044 1188 4095 acal

170 4130 174 4137 ·
211 4108 319 4167 totilum
333 4110 362 4165 ia
376 4109 486 4165 Catonia
500 4111 561 4164 laco
575 4110 703 4165 amittant
718 4121 841 4174 extrema
857 4115 952 4168 verba·
976 4113 1084 4168 Pliniur
1099 4121 1187 4167 auteur
