2662 4906
530 251 629 320 unc.
669 251 834 337 uuQvu,
1150 256 1213 325 ue

154 423 389 501 coniunctivo,
412 445 481 488 non
496 421 641 511 praelixa
659 424 904 491 coniunctione.
946 417 1019 486 Nec
1035 442 1053 484 a
1067 420 1211 571 scripto-

152 511 247 573 ribus
265 509 421 595 prosaicis
436 530 504 572 non
520 511 736 597 componitur
752 530 827 573 curu
850 506 1066 656 imperativo,
1087 528 1122 571 se
1169 528 1211 571 eo

152 598 339 680 praemisso
357 595 504 681 iungitur
520 616 597 658 cum
613 596 821 659 coniunctivo
838 617 897 680 per
912 592 973 657 ecti
995 602 1028 653 et
1051 612 1211 676 praesen·

153 679 220 760 tis,
245 703 310 765 quo
335 681 472 765 optativi
489 679 610 745 modus
637 682 851 768 exprimitur,
876 690 973 764 atque
995 678 1041 741 ita
1064 677 1210 762 quidem,

153 776 280 829 utnon
299 764 519 851 intelligamus
536 776 568 831 et
589 789 650 837 ue,
677 766 734 831 sed
752 765 990 831 adversativum
1006 773 1122 827 tumen
1142 764 1211 827 sive

154 850 230 914 scd.
275 851 341 917 Cic.
367 851 406 929 ud
425 850 517 917 Fam.
536 859 565 931 1,
580 856 611 922 9,
624 857 678 917 62.
696 848 774 932 (19².)
798 852 982 926 recordare
1000 848 1111 927 euius,
1131 848 1210 936 qui-

152 933 216 998 bus
233 934 471 1001 laudationem
484 959 525 1002 ex
541 936 672 1001 ultimis
693 938 795 1002 terris
819 937 973 1001 miseris.-
994 956 1056 998 uec
1076 934 1138 998 ltoc
1159 933 1209 998 ti-

155 1022 302 1084 mueris:
338 1043 419 1085 uum
449 1045 473 1085 u
500 1044 554 1099 me
584 1022 660 1108 ipso
694 1022 899 1088 inridentur.
949 1021 1069 1085 Poetae
1099 1028 1210 1085 sutem

156 1106 321 1170 maiorem
338 1115 532 1193 potestatem
549 1108 728 1195 particulae
743 1132 804 1173 nec
821 1109 855 1171 ia
872 1128 969 1172 usum
992 1104 1135 1191 graviter
1158 1104 1211 1168 di·

160 1190 256 1256 cendi
282 1203 534 1271 converterunt,
564 1203 662 1277 atque
686 1215 754 1257 non
778 1193 881 1258 modo
915 1191 1126 1257 antecedente
1145 1189 1210 1255 alio

156 1278 355 1364 imperativo
381 1277 431 1341 vel
453 1278 662 1343 coniunctivo
688 1301 785 1366 saepe
804 1286 1025 1364 usurparunt.
1053 1285 1091 1339 ut
1113 1274 1211 1343 sebe·
1238 1257 1301 1338 sm

155 1362 359 1431 mentionem
387 1364 596 1450 negationem
620 1364 792 1443 addeceat,
827 1364 883 1437 sed
915 1362 1080 1443 interdum
1112 1361 1211 1427 etiam

154 1469 223 1534 pro
250 1471 292 1513 ne
316 1458 499 1533 posuerunt
529 1451 591 1526 ita,
619 1460 657 1512 ut
681 1450 840 1514 sententie
866 1457 921 1513 aut
943 1447 1210 1511 antecedentibus

156 1543 411 1620 opponeretur,
442 1545 497 1601 aut
518 1534 650 1619 negatio
676 1547 854 1600 acueretur.
905 1531 944 1596 ln
964 1533 1074 1597 media
1098 1543 1209 1596 tamen

106 1624 108 1629 ’
159 1617 389 1682 enuntiatione
403 1639 470 1681 non
487 1628 616 1704 poterat
630 1618 799 1684 collocari:
822 1639 1021 1705 quamquam
1041 1616 1124 1681 nibil
1147 1616 1211 1681 ob-

158 1702 280 1783 stabat,
297 1703 377 1786 quin
394 1701 507 1767 eadem
520 1702 576 1766 illa
591 1705 718 1768 ratione
728 1704 849 1792 duplex
863 1727 974 1768 uec-
986 1726 1048 1768 nec
1063 1702 1222 1767 colloca-'

156 1799 266 1850 retur.
287 1786 373 1849 Rara
390 1796 499 1851 tamen
515 1799 592 1851 sunt
610 1791 768 1874 exempla.
792 1789 927 1853 librarii
942 1799 1066 1852 tontum
1085 1787 1210 1866 aberat,

156 1882 197 1933 ut
215 1893 310 1934 usum
330 1870 545 1952 Latinorum,
568 1894 635 1957 quo
652 1885 726 1961 post
740 1898 782 1939 ne
798 1875 897 1938 altera
911 1896 987 1958 pars
1002 1872 1092 1937 nullu
1105 1873 1210 1941 inter-

153 1957 268 2044 posita
284 1955 402 2040 copula
426 1957 500 2020 addi
516 1957 662 2035 solebat,
688 1960 856 2046 cognitum
880 1958 1054 2038 baberent,
1077 1969 1112 2021 ut
1132 1958 1213 2023 obi-
1292 1979 1300 1992 ·

156 2063 226 2104 tue
249 2064 310 2105 uec
335 2061 397 2123 pro
428 2064 470 2105 ne
498 2041 750 2120 substituerent,
789 2065 856 2130 quo
887 2044 990 2106 oratio
1018 2043 1213 2120 concinnior

155 2065 263 2193 lieret.
305 2125 390 2188 Vide
423 2127 491 2189 Cic.
516 2127 611 2191 Brut.
643 2133 697 2206 76,
723 2132 798 2194 266.
845 2131 952 2213 Atque
974 2149 1015 2192 ex
1044 2126 1095 2192 bis
1120 2127 1215 2194 facile

155 2212 346 2299 colligitur,
377 2232 444 2296 quo
468 2211 570 2274 modo
596 2234 657 2276 nec
684 2222 715 2276 et
737 2235 802 2277 neu
822 2210 996 2277 disserente
1018 2224 1130 2279 temen
1152 2235 1214 2279 ex-

153 2298 324 2386 planatius
341 2295 515 2361 dicendum
533 2308 583 2362 est
598 2296 631 2361 in
648 2316 727 2363 Ner.

264 2398 398 2485 'Propcrt
414 2415 442 2480 1,
456 2414 483 2479 9,
497 2414 540 2470 26.
559 2434 606 2469 uec
620 2425 645 2478 te
661 2416 791 2486 decipiet,
807 2417 875 2483 quod
892 2419 926 2469 sit
947 2416 1014 2469 setis
1036 2417 1086 2469 itta
1105 2424 1214 2485 parata.

227 2503 324 2555 Redde
338 2502 406 2553 uucb
430 2519 496 2571 sang
518 2518 544 2553 es
564 2503 624 2554 dieb
642 2504 713 2555 siebt
734 2502 865 2555 ttiussbeu.
902 2500 990 2553 Sicuti
1012 2499 1124 2555 Persius
1141 2500 1167 2564 1,
1185 2497 1213 2550 6.

232 2606 301 2651 sou,
321 2587 345 2637 si
365 2585 426 2653 quid
446 2586 554 2637 turbida
579 2585 664 2638 Roma
681 2587 774 2649 eleuet,
793 2589 916 2649 uccedm,
935 2603 1092 2654 &omenque
1116 2586 1213 2653 impro-

231 2670 292 2720 bum
315 2672 342 2721 in
364 2670 413 2721 ttto
436 2671 547 2739 castiges
568 2672 685 2734 trutino,
711 2689 756 2722 aec
778 2680 802 2723 te
823 2672 977 2738 quaesiveris
998 2678 1080 2722 estro.
1122 2667 1213 2735 Tpeit.

232 2753 305 2805 tttst.
321 2751 406 2818 216.
426 2773 471 2805 nec
484 2755 592 2822 speciem
607 2755 741 2817 adulantis
755 2757 897 2825 expaveris.
932 2754 1005 2807 Diui.
1030 2752 1064 2804 de
1080 2752 1156 2806 Oret.
1171 2752 1213 2804 lu.

230 2838 331 2890 Horat.
348 2837 434 2904 Epist.
449 2838 475 2901 1,
489 2839 515 2899 1,
528 2837 571 2892 28.

278 2939 336 2991 Cic.
353 2939 380 2989 in
394 2940 471 2992 Verr.
488 2941 515 3003 2,
535 2938 580 3004 48,
594 2939 653 2993 115.
672 2959 742 2993 nune
754 2948 785 2992 ut
800 2942 847 2992 bac
862 2949 972 3009 tempore
990 2955 1038 2993 eu.
1058 2955 1123 3005 quae
1144 2940 1216 3007 regie

232 3044 277 3078 seu
290 3024 377 3094 potisss
390 3026 523 3092 tyrannice
538 3027 627 3082 statuit
643 3026 671 3076 in
696 3034 812 3077 oratores
832 3026 978 3093 Apronius,
995 3021 1214 3095 praetermittatur,¹

175 3099 178 3105 ¹
232 3127 369 3177 acquiesce
388 3110 534 3176 appellem,
553 3128 570 3162 u
586 3113 679 3178 auibus
696 3129 770 3162 omne
780 3116 944 3177 srrtureutmu
961 3107 1066 3176 cripuit.
1102 3105 1165 3156 nir.
1189 3105 1216 3156 iu

233 3195 315 3246 Ceec.
328 3192 372 3255 ltt,
387 3189 430 3244 52.
450 3195 567 3249 suadebit
583 3195 651 3256 tibi,
669 3203 697 3246 ut
714 3197 775 3247 bisce
789 3195 923 3271 discedes,
941 3187 1021 3259 aeque
1035 3192 1100 3242 milri
1113 3191 1216 3251 wbuss

233 3279 315 3330 uttam
333 3277 496 3345 respondeus.
530 3276 558 3329 iu
585 3279 663 3336 Vere.
679 3279 707 3345 2,
722 3278 765 3343 12,
781 3277 825 3331 41.
844 3279 879 3330 de
896 3275 951 3337 ou.
965 3276 993 3342 2,
1009 3277 1053 3340 21,
1068 3275 1111 3328 23.
1127 3276 1216 3327 uiden-

229 3365 292 3414 dum
310 3361 359 3426 erit
376 3389 425 3424 —,
443 3367 473 3412 ut
487 3378 562 3412 suum
577 3363 681 3431 quisque
695 3371 801 3428 teneat,
817 3380 897 3430 neque
913 3362 944 3414 de
962 3363 1033 3425 bassis
1052 3363 1217 3430 privatorum

233 3447 333 3516 publice
349 3444 492 3496 deminutio
499 3446 563 3510 fiat.
597 3446 713 3506 Beierns
728 3455 831 3512 temere
846 3445 956 3514 scripsit
971 3464 1040 3499 neue.

277 3547 339 3600 Ltv.
354 3543 400 3609 24,
413 3545 440 3610 3,
455 3543 497 3596 14.
513 3549 685 3614 persuadent,
702 3557 729 3602 ut
743 3551 845 3607 traduci
860 3568 886 3612 se
903 3551 932 3601 iss
947 3550 1039 3603 lacem
1054 3552 1216 3618 peterentur,

230 3651 275 3684 see
289 3633 384 3683 ultima
401 3632 511 3700 experiri
526 3633 627 3685 vellent.
662 3632 943 3697 uaratsueutu.
959 3641 987 3685 ut
1003 3642 1090 3704 pereat
1105 3634 1218 3701 posituris

232 3718 351 3785 robigine
367 3718 466 3778 telum,
486 3734 532 3767 uec
552 3717 689 3786 quisquam
713 3727 800 3771 uocsut
824 3721 918 3788 cupido
938 3722 1004 3771 milri
1025 3719 1107 3786 pacis.
1141 3715 1218 3767 blae-

235 3800 295 3853 stat.
310 3799 335 3864 6,
350 3798 395 3862 25,
410 3799 436 3850 5.
454 3808 535 3852 cautu
550 3802 584 3852 sit
601 3809 629 3855 ut
644 3804 743 3865 uirtus,
760 3821 805 3854 uec
826 3811 850 3854 te
866 3805 1017 3856 temerarius
1030 3804 1108 3853 urm
1123 3801 1151 3858 t'u
1165 3816 1217 3850 ese·

232 3888 290 3938 dios
311 3902 381 3937 enses
399 3911 433 3922 -
449 3888 534 3951 serm.

282 3987 438 4041 Coercentln
462 3985 548 4054 igitur
571 3994 634 4041 sunt
659 4006 706 4050 ee,
725 4006 796 4056 quae
820 3989 941 4042 liritsias
966 3988 1075 4056 scripsit
1099 3987 1132 4038 ed
1153 3986 1219 4037 Sul-

236 4073 300 4127 lust.
315 4074 376 4127 Cet.
387 4071 432 4136 81,
447 4072 473 4125 2.
493 4090 544 4126 nee
560 4080 668 4144 poterat
685 4072 819 4144 scripturn
840 4075 1018 4143 quorumdem
1034 4074 1170 4126 librorum
1192 4069 1219 4124 iu
