2662 4906
145 284 209 349 tus
638 280 697 349 Ni.
1223 285 1225 365 j

145 448 236 539 quod
259 458 411 537 poteret,
438 446 595 517 dirimere
617 458 787 515 eunetetus
810 458 877 529 eet,
899 459 934 515 et
948 448 983 515 in
998 450 1193 515 comment.
1223 410 1225 507 i

145 560 174 603 n.
198 538 281 601 1889
296 537 382 602 editu
400 534 496 601 olium
515 537 599 621 rium
618 534 783 621 ingressus
805 544 866 614 est,
901 535 938 600 in
952 556 1019 634 quo
1036 532 1192 621 equidem

145 642 223 689 eum
242 622 336 707 sequi
356 642 428 687 non
441 642 595 771 possum.
640 618 689 687 Ni
718 624 828 703 enim,
856 620 1001 707 quodni
1023 617 1192 685 conditio·
1221 613 1225 660 ¹

144 708 213 775 osii
227 708 441 773 sententioso
456 706 595 783 ineatur,
610 726 680 773 nou
696 716 746 771 eet
764 728 807 771 ex
820 704 891 771 nisi
904 704 1043 783 fretum,
1059 704 1124 771 sed
1136 726 1192 803 per
1223 765 1225 786 ,

145 814 182 859 se
204 802 353 875 constet,
394 801 427 857 et
449 790 545 857 sicuti
566 812 610 855 ue
636 812 699 891 pro
717 802 755 856 ut
779 812 822 857 ue
836 790 946 877 ¹eucipi
969 800 1086 878 potest
1106 790 1190 869 (rude

145 874 786 1053 uitetstitutionis
798 872 1192 1049 iutuitu-⁸312:

146 1048 181 1113 ei
199 1072 268 1115 non
290 1046 546 1137 exprimebatur.
595 1048 707 1129 Quere
733 1056 862 1113 tuntum
890 1070 909 1113 r
933 1058 1002 1129 est,
1040 1046 1138 1111 utin
1156 1046 1191 1111 ni

148 1132 309 1200 omissum
336 1155 406 1199 esse
438 1134 470 1198 ei
506 1142 680 1223 putemus,
724 1142 761 1198 ut
779 1134 914 1219 ¹elerute
944 1127 1191 1220 significatione,

148 1218 247 1285 etium
264 1240 325 1321 per
344 1228 504 1283 mutetsm
527 1239 733 1297 mensumn,
753 1218 788 1283 in
810 1217 882 1283 uiri
900 1218 1066 1285 edieetum
1078 1212 1192 1310 'vider-

146 1324 222 1371 mns
243 1329 285 1371 er.
327 1302 396 1403 Qpi
415 1304 582 1391 vulgarem
592 1304 792 1403 'opipionem
811 1312 958 1404 tuentur,
974 1324 1047 1369 non
1062 1302 1192 1381 hebent,

147 1387 1193 1570 tttffttttft‘ttttultttt‘ttuttt‘ittssetttttt'tt

149 1582 228 1627 rnen
252 1561 386 1647 aliquod
405 1570 603 1647 opponetur,
619 1580 681 1623 nee
703 1558 830 1625 die'rtur
849 1560 889 1625 πί
908 1570 1039 1635 tarnem
1056 1560 1097 1625 ui
1110 1581 1192 1636 vero,

148 1646 189 1711 m'
210 1644 317 1733 quod,
361 1644 400 1711 ui
428 1646 531 1733 quia:
573 1665 773 1736 quornqnpru
808 1636 1193 1733 iteuiidei‘enzio'uieum

149 1742 210 1797 est.
252 1733 406 1797 Ceterum
431 1742 610 1817 utrumque
635 1730 830 1797 roeubninrn
851 1730 1092 1818 antiquissimis
1112 1740 1194 1795 tenr-

140 1814 287 1927 poribue
305 1813 553 1901 usurpabatur,
590 1824 628 1880 ut
655 1815 815 1897 vetustior
834 1826 933 1883 ¹uetus
963 1816 1062 1883 elteri
1081 1814 1194 1881 nine·

149 1912 250 1991 quent
268 1902 437 1989 resignari.
722 1920 725 1928 '
892 1952 898 1965 .
1045 1926 1065 1967 .·
1113 1940 1119 1958 ·

234 1992 261 2052 1.
280 1982 330 2051 Ni
346 1988 353 2049 i
379 1987 444 2051 itur
459 1984 546 2052 idem
566 1993 633 2061 est,
650 1982 739 2070 quod
755 1984 788 2051 ei
801 2008 893 2066 non„
904 2006 967 2051 nee
981 1982 1145 2073 umquem
1162 1982 1195 2049 in

149 2070 191 2140 iis
215 2070 395 2149 sententiis,
420 2072 456 2135 io
475 2071 594 2157 quibus
610 2070 681 2133 ruisi
693 2068 739 2135 ob
755 2072 984 2159 exceptionem
1006 2070 1196 2157 requiritur,

150 2153 192 2223 ei>
207 2156 350 2243 untiquis
374 2156 509 2241 quidem
532 2154 746 2241 scriptoribus
770 2166 820 2221 est
889 2158 1003 2223 eitum.
1046 2155 1119 2222 Vbi·
1141 2174 1197 2220 eu-

150 2252 219 2307 tem
250 2240 427 2306 dicendum
453 2248 523 2304 erut
550 2239 581 2303 si
611 2263 691 2317 nou,
713 2242 895 2329 etiomqici
918 2240 1124 2333 potemini,
1145 2238 1198 2305 sed

151 2326 197 2391 its
219 2326 313 2389 utri
333 2322 373 2389 od
395 2326 500 2389 to'tom
520 2325 715 2389 sententium
739 2326 930 2413 pertineret,
952 2326 988 2392 in
1004 2326 1043 2391 'ei
1057 2348 1127 2391 non
1143 2346 1199 2391 ne·

174 2412 240 2477 otio
263 2409 406 2475 seiuncta
430 2408 472 2475 ud
492 2428 598 2474 unum
632 2408 765 2495 aliquod
788 2410 984 2477 vocobulum
1009 2410 1199 2495 reie'rretor.

150 2436 189 2561 in
211 2504 353 2580 utroque
377 2506 486 2560 tomen
508 2492 639 2581 negetio
662 2491 919 2564 mstortms‘sim
951 2496 1074 2579 habet,
1100 2490 1199 2579 ''nirde

150 2578 201 2652 fit,
225 2590 263 2643 ut
281 2576 512 2645 conditionariis
531 2578 688 2667 porticulo
704 2578 737 2644 io
757 2582 797 2645 ni
820 2582 929 2645 omitti
977 2584 1073 2655 ossit.
1115 2582 1198 2647 G'er·

153 2664 244 2731 muni
263 2664 379 2730 eodem
399 2666 502 2731 modo
521 2664 704 2749 loquuntur
721 2674 813 2731 urire
831 2690 865 2731 es
885 2668 991 2734 nicet.
1022 2666 1070 2731 Vt
1086 2690 1200 2745 enem-

153 2750 245 2838 plum
271 2776 288 2815 u
315 2773 452 2837 ponem,
477 2748 567 2837 quod
595 2750 724 2814 Plautus
747 2750 831 2815 dixit
852 2753 932 2817 Cist.
949 2758 982 2835 2,
998 2758 1030 2833 d,
1050 2748 1106 2819 81.
1122 2762 1201 2817 rium

152 2834 192 2921 nr‘
219 2772 413 2915 incederes,
449 2856 635 2923 enumquam
660 2834 761 2899 credo
789 2836 982 2902 amitteres.-
1020 2838 1089 2903 hoe
1110 2836 1201 2903 nullo

151 2931 249 3006 poeto
274 2932 405 3008 poterut
428 2912 493 2985 'didi
533 2913 604 2984 nisi
625 2920 819 2995 intellexere,
850 2922 905 2987 sed
928 2932 1064 3011 poterut
1085 2922 1119 2987 si
1138 2944 1202 2987 nou

151 3006 335 3073 intellexere.
383 3006 455 3071 Lis.
483 3008 522 3083 8,
554 3010 612 3079 10,
642 3010 693 3069 12.
723 3006 756 3069 si
780 3006 812 3069 is
832 3007 949 3086 honio,
978 3008 1039 3093 qui
1067 3008 1203 3075 deuotus

152 3103 213 3171 est,
231 3092 386 3167 moritur,
423 3073 528 3177 prode
551 3086 683 3169 {terrem
709 3090 837 3156 videri.-
878 3093 916 3157 ni
938 3093 1108 3169 moritur,
1136 3106 1203 3158 tum

152 3177 186 3240 si
210 3198 292 3239 nrum
329 3184 459 3261 septem
485 3161 591 3261 pedes
627 3174 738 3239 altum
758 3210 803 3227 -
852 3176 891 3240 in
919 3188 1053 3243 terrum
1088 3175 1203 3273 dejudr'

153 3198 209 3325 ef
218 3260 399 3347 piaculum
422 3260 553 3324 nostia
590 3259 703 3329 caedi,
751 3260 962 3334 -dbsurdurn
999 3273 1087 3329 esset
1129 3261 1202 3329 uisi.

153 3344 250 3445 Apud
292 3344 465 3408 iiorotium
507 3344 612 3429 Epist.
655 3352 692 3425 1,
723 3348 763 3424 2,
801 3346 856 3412 84.
886 3347 925 3411 ni
956 3370 1083 3433 posces
1126 3358 1203 3415 unte

153 3428 247 3493 diem
268 3426 392 3493 librum
420 3450 498 3493 eum
525 3428 670 3503 [terniue.
711 3428 744 3493 st
772 3438 840 3495 nori
859 3432 1017 3498 intendes
1051 3434 1204 3499 animum

152 3512 279 3577 strrdir's
304 3524 336 3577 el
361 3512 457 3578 rebus
484 3514 642 3596 honestis,
663 3512 796 3579 invidia
814 3516 867 3579 uel
886 3539 1005 3583 aurore
1027 3518 1063 3583 οἱ
1076 3518 1119 3583 rit
1137 3530 1205 3583 tor·

185 3597 302 3662 tedere.
326 3598 381 3663 ubi
401 3600 434 3662 si
453 3622 522 3663 nou
542 3598 629 3664 idem
654 3608 719 3674 est,
749 3598 907 3685 quodni.
965 3604 1044 3683 Quo
1098 3604 1205 3670 Livius

154 3620 265 3765 3:22,
289 3686 322 3747 fi.
343 3684 382 3747 ιη’
402 3681 605 3758 reddantur,
627 3682 750 3747 tetum
780 3684 933 3750 indicere
958 3688 1090 3753 iussos:
1119 3688 1206 3755 idem

157 3772 189 3865 1,
209 3772 269 3844 se,
300 3769 395 3866 11ηεί
415 3790 484 3834 non
505 3768 695 3866 deducatur,
728 3792 808 3856 quos
828 3772 979 3857 exposcit
1002 3810 1044 3823 -
1083 3772 1205 3839 bellum

59 3868 63 3877 ·
154 3863 211 3917 eta
241 3851 375 3917 inderet.
448 3854 607 3935 Quemvis
643 3863 743 3941 igitur
776 3854 816 3921 ui
847 3858 1034 3922 inuenietur
1071 3859 1208 3957 quibus·

158 3934 237 4001 darn
266 3938 302 4001 in
330 3936 422 4016 loeis,
450 3940 484 4003 iu
516 3939 636 4024 quibus
664 3938 761 4003 etism
795 3940 864 4005 nisi
890 3944 971 4028 poni
994 3952 1124 4031 possit,
1149 3944 1208 4007 siis

158 4032 270 4103 temen
288 4032 336 4084 est
357 4024 593 4089 sententiarum
613 4025 711 4096 sotio,
730 4040 832 4109 'quom
845 4027 1025 4111 scriptores
1043 4026 1210 4094 recentio-

156 4108 204 4175 ris
223 4107 336 4175 uelutis
357 4130 427 4173 non
441 4108 575 4196 antiquo
590 4104 756 4195 diligentie
770 4120 943 4179 eureruutr
963 4135 1076 4201 neque
1093 4116 1133 4181 in
1150 4136 1212 4179 on-
