2662 4906
581 178 864 255 l’liofl'ffili¹
881 218 884 225 ·
899 204 902 209 '
1166 190 1230 258 618

136 314 191 361 ι.

191 340 214 427 ᾗ*
292 350 1232 429 ΡΙιι1Κω11.1,Ί,14.ρωρ1αω1ωΙοάο,ι1αι1ωμαο

257 452 329 500 ersa,
363 443 394 489 at
412 447 595 507 pergraecetur
617 447 709 493 tesan·
757 436 870 492 Terent.
895 436 962 491 Hae.
987 437 1015 503 1,
1040 438 1129 505 eet.
1159 441 1232 495 laed

136 494 161 545 ’ς
254 529 393 589 propterea
411 528 437 572 te
453 538 526 591 roga,
543 529 571 573 at
587 522 635 574 irco
651 527 794 591 proferam,
817 523 862 574 resi
888 531 918 575 ast
942 524 1019 577 tacito
1042 540 1139 576 mecum
1160 541 1232 593 gao-

188 670 191 675 .
255 602 344 655 aleam.
376 601 433 654 cte
451 620 478 670 p.
495 604 557 673 [aig.
575 604 601 670 8,
618 604 645 657 8.
667 607 730 659 isaeo
751 613 892 674 propterea
912 607 945 660 de
971 623 1011 661 ne
1035 607 1099 675 diei,
1123 613 1152 663 a
1168 606 1232 661 uttt

136 698 193 757 *1
260 687 360 741 Tirissa
372 713 407 724 -
431 687 583 757 ignosceret.
601 689 636 743 erl
652 689 731 747 Fam.
748 686 791 755 13,
809 686 853 755 at,
873 687 905 748 1.,

274 824 307 886 8.
330 820 498 886 Interdum
520 844 588 887 noo
611 834 678 889 tam
699 843 809 887 caussa
822 823 1029 911 intelligitur,
1051 842 1151 910 quam
1167 822 1232 901 res,
1266 864 1270 876 ·

157 900 227 969 'td
253 926 352 992 quam
374 906 419 983 id,
443 908 533 992 quod
551 908 667 997 agitur,
691 916 828 999 spectat.
858 908 904 973 Ec
926 910 1014 975 enim
1031 905 1235 996 opportuni*

136 992 292 1091 [taam
313 992 449 1078 praebet
470 993 593 1078 agendi.
1188 1014 1191 1019 ·

146 1098 166 1105 ⁴
196 1164 199 1169 ,
291 1109 404 1164 Terent.
430 1110 511 1164 Andr.
536 1112 562 1177 8,
590 1111 617 1180 4,
645 1112 671 1170 8.
706 1131 757 1184 ego
780 1113 880 1167 dadam
903 1113 1022 1166 swciisl
1048 1111 1144 1166 ceritas
1167 1126 1233 1177 un,

257 1195 343 1263 Dece,
359 1199 405 1249 als
428 1203 460 1261 te,
480 1213 512 1249 oe
523 1201 625 1266 jaceres
641 1199 716 1266 ideas,
732 1199 799 1266 qaae
815 1199 909 1267 valgos
924 1214 1053 1253 morere
1070 1197 1144 1259 solet,
1167 1192 1235 1269 siclis

257 1285 288 1330 et
305 1296 346 1331 sne
362 1280 509 1345 raudera,
522 1289 655 1352 propterea
673 1283 739 1352 qood
755 1290 827 1337 amat
841 1284 926 1352 filias.
944 1280 964 1336 i.
986 1298 1010 1333 e.
1028 1282 1058 1333 iss
1073 1279 1235 1353 Baieieng,

259 1362 289 1414 itt
304 1363 455 1418 Reielrsicltt.

275 1465 307 1528 4.
327 1462 527 1552 Eapropter
546 1477 673 1532 mutato
694 1467 809 1533 ordine
829 1468 913 1554 apud
935 1465 1124 1533 Lucretium
1148 1463 1233 1551 legi·

183 1555 247 1612 tur
270 1550 300 1626 4,
320 1553 394 1614 811.
417 1550 559 1616 dextera
581 1576 621 1617 ea
648 1564 764 1638 raptor
785 1552 881 1619 aclis
903 1554 1091 1617 simulacra
1113 1549 1235 1627 remitv

136 1694 139 1700 .
184 1644 277 1697 tant.
320 1633 450 1699 Servius
466 1637 504 1700 ed
522 1638 612 1723 Virgi
626 1683 636 1700 .
651 1637 720 1702 Ecl.
739 1644 770 1713 7,
786 1644 837 1705 81.
848 1637 951 1702 *affert
971 1636 1118 1703 Terentii
1136 1633 1234 1703 rerba

136 1720 147 1733 ”
184 1738 233 1781 ex
248 1718 348 1783 Andr.
369 1722 399 1789 5,
418 1723 494 1796 5,e.
517 1744 581 1807 ego
608 1722 749 1786 deorum
769 1726 875 1788 eitam
905 1732 1085 1810 eapropter
1105 1718 1233 1806 sempi-

183 1814 327 1867 ternam
342 1827 412 1868 esse
429 1803 588 1870 arbitror.
618 1829 699 1893 quae
713 1829 797 1872 unus
813 1807 977 1872 Bentleiue
994 1803 1234 1891 comprobavit.

136 1892 142 1905 '
184 1885 230 1950 In
249 1887 423 1954 Columell.
447 1894 478 1968 8,
496 1893 545 1967 11,
563 1898 613 1955 11.
638 1892 735 1979 vulgo
751 1892 934 1980 legebatur:
954 1893 1016 1956 lroc
1031 1889 1132 1954 macla
1147 1888 1234 1953 dao-

136 1982 144 2053 J
184 1969 250 2035 bas
268 1974 434 2037 mensibus
448 1976 686 2061 pinguescant,
711 1990 744 2042 et
768 1988 948 2077 eapropter
970 1979 1076 2041 etiam
1092 1973 1234 2039 tenerri-

136 2130 138 2135 ,
184 2078 250 2121 ma
265 2057 534 2147 pullitiessaepe
551 2059 752 2127 XLdiebas
771 2063 929 2128 reddetur
953 2061 1080 2160 opima.
1122 2057 1162 2122 In
1190 2058 1234 2123 li-

136 2160 139 2165 ·
182 2140 259 2207 bris
287 2145 427 2229 antiquis
456 2145 574 2231 legitur
593 2147 699 2210 etiam
722 2159 864 2235 propter
895 2146 1041 2211 nimiam
1062 2143 1237 2230 pullitiem

136 2246 144 2253 ·
184 2248 293 2314 saepe
309 2239 367 2292 etc.
382 2229 615 2308 schneiderus,
633 2232 808 2296 Palladium
825 2243 990 2316 sequutus,
1010 2231 1141 2327 scripsit
1147 2229 1236 2315 pirr-

183 2325 356 2401 gaescant
371 2316 476 2378 etiam
491 2315 657 2378 maiores:
673 2339 756 2380 ream
768 2317 952 2381 tenerrima
963 2314 1236 2400 pullitiessaepe

187 2405 254 2461 etc.
280 2393 363 2461 Illud
386 2409 525 2475 constat,
547 2413 728 2485 eapropter
740 2422 808 2463 non
824 2401 989 2486 scripsisse
1005 2396 1236 2462 Columellam.

136 2509 139 2537 τ
189 2480 295 2547 salin.
326 2481 446 2569 Polyh.
477 2484 529 2546 86.
551 2483 686 2568 lignum
709 2484 862 2548 sandicis
893 2494 1114 2548 attractatam
1132 2479 1236 2630 [erra

191 2566 267 2631 siae
283 2587 381 2630 mora
400 2566 581 2630 cmoritur.-
604 2580 786 2654 eapropter
806 2580 867 2631 aat
890 2569 982 2630 vitro
1008 2576 1069 2629 aot
1091 2588 1129 2629 ca
1160 2565 1236 2630 eilia

136 2676 138 2695 ¹
189 2651 309 2728 osseis,
340 2650 401 2715 sed
428 2652 465 2715 irc
491 2650 562 2713 solo
584 2653 709 2716 cortice
732 2649 861 2738 artifici
889 2650 1001 2738 plaga
1024 2649 1239 2715 vulneratur.

192 2735 241 2800 lta
258 2736 432 2801 convenire
449 2735 595 2799 videmus
611 2749 795 2822 postremae
809 2737 921 2800 aetatis
940 2755 1035 2798 usum
1059 2755 1134 2798 cum
1150 2734 1237 2800 cnti-

192 2822 366 2970 qplissimo.
411 2821 572 2886 Accentus
592 2820 628 2884 in
641 2824 825 2888 coniunctis
843 2819 1008 2887 vocabulis
1030 2838 1115 2885 unus
1136 2818 1237 2885 fuisse

192 2909 226 2973 ri
250 2917 332 2971 etur.
897 2924 904 2935 ·

277 3059 309 3124 5.
336 3057 383 3122 Ia
403 3068 587 3144 propterea
607 3055 728 3142 legitur
742 3053 830 3142 apud
852 3054 1047 3121 Terentium
1073 3053 1175 3119 Andr.
1203 3060 1236 3136 2,

195 3144 228 3220 6,
249 3148 279 3210 1.
299 3144 398 3207 lreras
421 3165 475 3207 me
496 3141 624 3206 relictis
648 3137 745 3205 relus
774 3140 874 3204 iussit
897 3140 1117 3227 Pamphilam
1136 3139 1238 3206 leodis

194 3225 393 3308 observare,
414 3240 450 3291 at
467 3226 549 3314 qaid
565 3238 684 3326 ageret
708 3224 751 3288 de
775 3224 904 3311 nuptiis
928 3226 1064 3289 scirem.-
1096 3223 1136 3288 id
1149 3247 1237 3311 pro·

191 3323 315 3398 pterea
330 3335 419 3378 nanc
436 3315 704 3376 praevenientem
722 3332 851 3396 seqaor.
887 3308 1003 3397 Ipsam
1026 3308 1112 3374 adeo
1123 3331 1238 3459 Kae—

196 3407 249 3459 sto
264 3396 366 3462 video
380 3420 456 3463 cam
480 3396 597 3462 Davo.
618 3396 674 3473 Id,
699 3394 789 3481 quod
815 3396 849 3459 in
871 3394 976 3460 verbis
999 3394 1087 3471 ideo,
1109 3394 1123 3458 i
1159 3394 1238 3459 irco

197 3482 362 3555 coalescit,
384 3483 548 3569 praemitti
571 3480 732 3547 vocabulo
748 3490 939 3568 propterea,
962 3501 1032 3543 non
1049 3479 1171 3543 mirum
1188 3480 1239 3545 ri·

200 3565 308 3629 detur.
347 3566 534 3650 Propterea
551 3577 680 3655 poterat
702 3566 775 3629 loco
794 3576 936 3650 propter
960 3564 1054 3650 poni.
1096 3563 1165 3630 Nec
1186 3584 1239 3628 ar-

199 3660 356 3736 gumente
371 3652 488 3728 valent,
540 3652 632 3716 uibus
655 3650 818 3716 Bentleius
844 3671 973 3713 versum
993 3648 1128 3713 tertium
1156 3646 1240 3713 abii·

199 3734 353 3800 ciendum
385 3759 454 3800 esse
484 3759 500 3799 e
527 3737 674 3801 irmevit:
720 3756 780 3800 nec
808 3734 1027 3799 Ruhnkeniae
1052 3730 1091 3795 ed
1121 3731 1239 3798 Mutet.

202 3820 305 3885 Tam.
336 3826 419 3909 21),
442 3825 515 3886 889.
539 3821 687 3886 dubitare
706 3819 861 3900 debebat,
892 3818 952 3883 sed
970 3837 1127 3894 monere,
1152 3815 1239 3881 hanc

202 3905 343 3992 vulgaris
367 3907 530 3974 sermonis
559 3905 735 3975 dictionem
764 3904 904 3972 alienam
928 3924 996 3969 esse
1026 3901 1066 3966 ab
1097 3900 1239 3970 cratoris

204 3988 374 4077 elegantia.
