2662 4906
415 316 629 384 PRORSVM.
674 315 889 389 moltura:
1083 331 1147 395 619

171 487 226 541 &aa
244 487 348 556 repulso
364 502 388 539 se
406 488 533 539 mutauit:
559 494 589 542 nt
609 489 635 541 in
655 491 714 542 cod.
736 491 833 544 medic.
857 492 970 564 legatur.
1010 496 1088 551 Hace
1102 517 1146 554 sr-

171 588 239 625 rors
254 569 358 622 librsrii
376 578 505 637 corrupto
522 589 581 624 csse
599 573 739 627 violentur:
762 578 926 630 nsmrsrbu
941 596 1047 649 prorsus
1062 587 1146 637 eurio-

168 673 234 713 m
253 672 287 708 eo
304 655 385 707 mado
402 654 490 720 diota,
507 673 561 724 quo
590 657 617 710 iu
633 658 704 712 'laco
723 675 805 728 supra
822 662 907 723 allato
923 680 1028 732 prorsus
1046 668 1145 731 mnas,

173 757 212 796 no
231 741 291 795 loco
310 737 418 805 quidem
436 741 640 794 accommodari
658 749 779 810 possunt.
808 744 910 798 Ordine
926 748 1073 803 verborum
1088 757 1147 805 tur·

173 823 243 877 osto
259 822 367 892 reliquo
383 822 467 874 stium
485 824 642 892 corruptela
658 826 791 883 laborant
824 829 934 886 coelius
947 833 1088 900 scripsisse
1103 835 1146 889 vl-

170 907 270 962 aaran
289 925 340 959 non
358 908 517 962 mediocriter
539 911 661 979 obiurgat
684 913 833 968 curionem
857 931 961 984 praem
977 919 1025 971 lsoc
1042 923 1147 989 repulso

169 1008 202 1045 se
218 992 337 1047 mtoait.

191 1093 225 1158 6.
250 1092 296 1156 Ila
318 1090 367 1169 fil,
391 1101 427 1155 ul
450 1115 546 1180 saepe
568 1092 639 1161 fere
659 1096 746 1163 idem
765 1101 926 1187 exprimat
943 1102 1031 1188 quod
1046 1102 1144 1169 adeo.

207 1210 265 1264 (iio.
284 1212 320 1263 od
341 1212 417 1263 Fam.
436 1209 521 1277 4,10,
540 1212 564 1267 2.
584 1218 664 1270 uenies
677 1219 761 1282 enim,
789 1219 855 1271 mlta·
869 1221 957 1286 crede,
982 1231 1146 1293 aspectura,

170 1313 254 1366 nepae
267 1297 350 1349 solam
364 1297 447 1359 nolis,
466 1298 509 1349 sec
523 1318 628 1372 prorsus
648 1303 772 1356 omnibus.

120 1480 139 1496 y·
187 1403 220 1466 6.
239 1398 428 1469 Notandum
453 1415 513 1486 est,
544 1402 716 1488 quomodo
737 1403 894 1491 particula
923 1426 1000 1470 cum
1029 1407 1146 1474 adver-

120 1504 167 1548 us
191 1489 420 1587 coniungatur.

211 1604 268 1661 ote.
284 1609 317 1661 o‘i
335 1610 414 1663 Fam.
430 1609 457 1672 8,
472 1607 516 1675 21,
532 1607 559 1663 8.
576 1608 624 1660 lsoc
640 1606 705 1659 milti
718 1622 821 1675 proruas
837 1609 913 1661 ealda
927 1609 1020 1676 piacet.
1037 1607 1071 1661 acl
1092 1609 1145 1662 Aa.

172 1688 221 1756 18,
237 1692 263 1744 8.
280 1694 383 1760 offatim
398 1709 518 1762 prorsuis.-
537 1691 571 1745 llo
585 1708 638 1758 quo
655 1690 714 1743 laco
728 1689 784 1745 uixi
798 1690 879 1744 Touo.
895 1692 920 1743 1.
939 1708 964 1759 p.
978 1692 1039 1747 2⁰1.
1052 1689 1147 1761 1818.

169 1776 205 1831 de
222 1794 323 1833 masma
344 1785 430 1831 outeos
453 1776 503 1846 ogi
522 1793 626 1845 prorsus
640 1777 796 1828 oehcmmster
809 1782 835 1828 et
851 1792 932 1828 secere
948 1779 1013 1852 eata.

187 1898 220 1959 7.
239 1892 465 1971 mentiones,
495 1915 564 1956 non
600 1892 725 1979 antiqui
748 1894 923 1979 scriptores
944 1915 1148 1980 componere

120 1975 257 2043 >lebant
273 2000 413 2069 prorsus
436 1988 483 2058 ut,
505 1999 573 2042 non
606 1977 801 2064 interposito
828 1980 963 2042 nomine
990 1979 1062 2056 ito,
1092 1987 1148 2044 aul

120 2065 295 2145 onlipnuuta
324 2065 480 2128 oratione.
533 2060 691 2127 Similiter
716 2061 815 2126 iidem
833 2063 987 2127 dixerunt
1007 2084 1146 2153 prorsus

120 2149 206 2214 aasz·
227 2148 249 2213 i.
273 2171 302 2215 e.
319 2148 453 2239 gerarde
477 2147 530 2212 alo
551 2169 659 2212 wenn.

208 2265 280 2321 Plio.
298 2266 371 2319 traso.
392 2284 417 2319 n
438 2265 479 2332 14,
497 2265 524 2334 5,
538 2266 564 2318 i.
580 2268 671 2337 puilssu
686 2267 833 2337 praeceptis
849 2266 874 2319 si
886 2268 930 2321 ilic
953 2267 1148 2338 obtemperaris-

170 2359 224 2415 set,
241 2354 357 2421 projesta
379 2352 474 2405 amicos
496 2354 524 2405 s'n
545 2353 694 2405 temadentio
715 2370 766 2404 non
787 2353 957 2404 interemisset.
994 2352 1102 2404 Prorsus
1117 2361 1146 2407 ast

165 2434 228 2487 turs
244 2434 297 2489 riici
311 2437 398 2504 possit,
414 2453 496 2504 neque
516 2437 612 2489 uirilius
631 2438 744 2506 corporis
766 2437 853 2489 utilius
874 2437 955 2502 uliud,
973 2452 1054 2504 nequo
1072 2435 1149 2489 olisai

171 2519 350 2588 uoluptatibus
372 2521 546 2589 perniciosius,
570 2521 593 2572 si
620 2521 709 2573 modus
733 2520 805 2575 obsit.
830 2519 904 2573 Flos.
918 2520 943 2585 1,
959 2520 1001 2588 11,
1019 2516 1061 2570 15.
1075 2518 1149 2572 intro

171 2603 316 2670 quissdeeim
332 2604 386 2671 dies
400 2613 513 2671 caeptum
523 2612 704 2672 peractumque
718 2604 826 2656 beilum:
847 2621 953 2673 prorsus
969 2611 999 2657 ut
1010 2604 1149 2668 festinasse

172 2687 283 2740 seuam
299 2688 334 2739 osi
350 2688 467 2740 relictura
482 2703 544 2755 opus
556 2687 692 2738 videretur.
710 2683 806 2737 lustin.
820 2684 847 2749 2,
860 2685 887 2748 1,
900 2684 926 2737 4.
944 2685 1051 2737 Gellius
1064 2682 1091 2751 2,
1102 2681 1148 2743 28.

207 2786 305 2849 lustin.
324 2788 349 2853 1,
369 2786 395 2851 1,
413 2786 454 2840 18.
473 2802 576 2855 prorsus
593 2787 669 2854 pueri
684 2786 811 2839 sileatisns
833 2787 954 2837 domm
970 2787 1149 2855 pulcritudinis

173 2880 245 2925 esset
263 2871 289 2937 2,
308 2873 350 2925 12.
369 2872 473 2924 miserat
499 2870 592 2923 Xerxes
620 2877 727 2937 quatuor
750 2869 834 2921 millia
857 2877 1013 2921 armatorum
1037 2871 1150 2939 Delpiios

175 2959 211 3011 osi
225 2958 349 3026 templum
371 2957 497 3026 Apollinis
512 2955 700 3023 diripiendum.-
718 2970 820 3021 prarsus
834 2953 909 3020 quasi
923 2971 974 3004 nan
990 2971 1047 3006 cum
1062 2955 1148 3007 Grae·

173 3043 210 3094 cis
224 3049 336 3108 tontum,
355 3043 400 3095 seri
414 3049 437 3095 et
451 3059 508 3093 cuns
528 3039 578 3092 dlis
597 3039 781 3091 immortalibus
798 3040 890 3091 lelium
910 3045 1019 3108 gereret.
1037 3036 1063 3104 8,
1080 3037 1106 3105 1,
1121 3037 1149 3102 u,

191 3181 224 3247 8.
247 3178 331 3241 Cum
356 3176 496 3262 negandi
518 3173 683 3241 vocabulis
706 3194 847 3260 prorsus
871 3173 1090 3261 coniungitur,
1112 3185 1149 3240 ut

120 3282 161 3325 es
185 3260 336 3326 distincte
358 3272 391 3326 et
412 3262 558 3326 absolute
574 3269 721 3346 negetur.
747 3261 898 3323 Attamen
916 3259 965 3322 vel
981 3282 1056 3323 cum
1078 3260 1150 3346 ipsu

120 3348 281 3435 legatione
298 3346 490 3412 adverbum
510 3348 667 3434 pertincte
693 3364 758 3430 quo
775 3344 816 3409 ali
842 3354 977 3408 uantum
994 3343 1150 3409 differunt

120 3455 177 3496 aon
206 3455 344 3518 prorsus
375 3444 406 3497 el
429 3456 571 3520 prorsus
596 3454 674 3495 non.
712 3429 790 3493 Dixi
813 3366 853 3493 ge
876 3429 937 3492 hac
959 3452 995 3495 re
1017 3453 1050 3516 p.
1075 3433 1149 3497 260.

120 3518 206 3579 lunc
220 3517 314 3582 rideo
331 3521 429 3584 eliam
444 3518 642 3604 Madvigium
661 3515 702 3582 sd
718 3516 786 3580 Cic.
809 3515 849 3579 de
866 3513 935 3580 Flu.
955 3521 989 3597 2,
1003 3518 1034 3581 5.
1051 3515 1092 3582 de
1111 3537 1150 3582 ea

120 3603 301 3689 lispnlasse.

211 3718 324 3773 Terent
340 3722 409 3774 lice.
428 3720 453 3786 4,
475 3719 501 3784 4,
522 3719 565 3774 51.
580 3722 704 3775 enimvero
726 3734 831 3789 prorsus
853 3718 905 3773 iam
919 3726 1002 3773 tacere
1016 3737 1066 3772 non
1080 3737 1150 3788 quea.

142 3870 144 3874 r
177 3805 278 3859 Hcsot.
293 3803 319 3872 4,
338 3804 363 3869 i,
377 3806 420 3860 28.
435 3824 541 3876 prorsus
552 3808 617 3858 nillil
631 3806 756 3876 intelligo.
775 3803 867 3856 Plaut.
890 3804 934 3856 As.
953 3803 977 3866 1,
995 3802 1021 3867 8,
1038 3802 1082 3856 88.
1103 3820 1150 3859 nes

176 3908 327 3960 quemnam
344 3892 443 3945 interea
459 3893 540 3945 alium
554 3891 671 3942 admittet
687 3907 790 3958 prorsus
803 3907 881 3958 wem
897 3907 938 3942 me
958 3889 995 3940 orl
1016 3905 1043 3939 se
1055 3889 1149 3941 cirum.

177 3973 259 4026 Most.
274 3973 339 4042 1,8,
356 3973 416 4027 148.
434 3978 478 4044 qsi
494 3976 614 4038 invicem,
633 3992 664 4027 ne
680 3990 801 4042 umquam
815 3991 902 4027 eorum
924 3973 1058 4042 quisquam
1080 3971 1149 4023 inei-

177 4058 238 4112 aleot
255 4076 359 4129 prorsas
380 4060 526 4112 mmmodls.
547 4057 565 4111 i.
584 4075 608 4112 s.
628 4074 740 4127 prorsas
758 4070 916 4127 numquam.
940 4054 1018 4109 Tala.
1039 4052 1148 4120 881.

177 4142 248 4197 nulio
262 4145 338 4198 nodo
354 4151 434 4214 potest
442 4144 507 4211 fleri
520 4158 633 4213 prsrm
717 4176 721 4181 -
