2662 4906
627 288 734 361 NON.
1131 294 1201 367 Μ

145 486 214 555 pro
245 464 502 553 uniuscuiusque
532 462 713 531 sententiae
739 418 860 527 nunri-
879 459 981 527 testas
1000 462 1059 541 cit‚'
1086 464 1195 548 aaut.

148 548 245 637 quod
266 553 395 639 gravius
424 560 524 636 atque
553 548 787 636 significantias
815 546 974 613 rideatur.
1028 546 1194 636 Additque

148 637 250 702 llaec:
275 634 469 715 „intercedit
489 656 568 699 vero
590 636 655 699 hoc
675 636 761 699 inter
781 642 958 719 utramque
985 632 1195 787 discriminig·

150 723 245 809 quud
270 723 437 811 posterior
456 722 550 785 notio
570 742 633 807 per
655 718 837 785 formalem
859 740 928 782 aen
957 717 1167 786 meda-se
1215 787 1218 793 ,

150 809 260 874 etiam
278 806 318 871 ad
334 807 484 895 priorem
500 805 662 887 adiicitur,
685 828 745 893 per
759 826 829 870 nou
842 802 944 868 moda
960 840 1003 854 —
1021 803 1084 871 aed
1121 808 1195 872 rio-

150 916 226 959 rem
248 892 403 957 absorbet
425 892 516 978 quasi
542 904 641 977 atque
660 889 904 978 complectitur,
931 888 1031 975 idque
1054 828 1195 957 reinu-

152 1002 250 1044 mcro
268 976 320 1043 rel
343 976 464 1067 gradus
489 976 554 1040 hoc
576 976 705 1041 interna
730 975 937 1055 polianiam,
958 975 1194 1043 illudexteruo

152 1065 286 1129 ambitu·
302 1064 370 1131 eius
394 1062 566 1127 efficitur.“
610 1062 706 1142 Quae
726 1061 822 1125 multi
843 1070 951 1137 erunt,
981 1063 1036 1149 qui
1060 1064 1123 1128 nisi
1151 1062 1194 1129 ad

152 1148 308 1236 exempla
329 1149 477 1237 apposita
493 1145 678 1235 respiciant,
701 1147 865 1212 nonsatis
882 1144 1076 1233 intelligant.
1107 1149 1194 1215 Nam

151 1257 222 1298 nan
248 1243 346 1321 patet,
370 1232 455 1298 unde
476 1252 543 1297 uno
566 1230 727 1297 vocabulo
748 1231 821 1312 esd,
844 1230 935 1316 quod
962 1233 1104 1317 seiungit
1129 1256 1195 1319 res,

153 1320 305 1407 apposito
336 1316 404 1396 fiat,
436 1328 474 1383 ut
501 1317 598 1405 prior
622 1317 716 1383 notio
743 1328 799 1382 eut
830 1315 967 1389 ambitu,
1001 1328 1038 1385 ut
1061 1318 1118 1384 ille
1138 1322 1194 1405 uit,

152 1418 208 1471 aut
238 1406 366 1469 iatern'u
397 1404 430 1469 vi
460 1402 767 1489 comprehendatur.
828 1400 918 1481 Quid
957 1403 1048 1487 quad
1080 1404 1197 1473 Cicero

153 1516 186 1579 p.
209 1490 302 1555 Sext.
325 1496 379 1567 20,
400 1488 455 1555 46.
475 1490 623 1577 scripsitr
656 1488 809 1555 iecissem
828 1486 904 1575 rpus.
930 1508 985 1551 me
1010 1488 1129 1574 potius
1156 1492 1196 1557 ire

147 1572 389 1726 projundrrppae
408 1584 446 1637 ut
471 1586 597 1721 cetergs
616 1592 866 1723 cogservatrem,
893 1594 997 1721 qugm
1026 1572 1198 1723 illasdmsi

170 1682 327 1726 umcur
375 1678 559 1723 encoma
584 1682 605 1723 a
637 1684 659 1724 a
713 1678 843 1724 ceram
869 1678 1011 1723 marem
1065 1682 1102 1723 se
1156 1682 1197 1727 m

153 1682 326 1832 magnetii
345 1744 444 1809 vitoe
471 1742 655 1809 discrimen
686 1742 901 1809 adducerem.
950 1706 1051 1809 Estrie
1075 1745 1197 1811 discri-

153 1854 234 1897 men
259 1832 343 1897 vitae
361 1828 455 1907 ittud,
478 1828 569 1915 qued
585 1818 737 1897 'mortem
758 1838 929 1927 tamquam
952 1828 1093 1914 aliquem
1113 1853 1197 1918 par-

154 1926 222 1980 tem
245 1915 282 1979 in
308 1936 344 1980 se
371 1917 439 1979 reci
465 1912 532 1981 iat'i
559 1936 602 1978 un
656 1914 723 1979 uad
750 1922 854 1985 morti
882 1912 914 1977 ri
942 1932 1000 1977 aua
1032 1914 1196 2000 praestet?

155 1998 257 2082 Quod
290 2008 401 2063 autem
460 1996 605 2063 utsclriue
633 1938 718 2064 dicit
746 2000 781 2064 in
809 1996 862 2061 his
890 1998 1061 2063 notionem
1093 2002 1198 2087 gmdu

154 2086 363 2173 superior-cur
387 2104 452 2148 una
475 2104 551 2147 cum
572 2105 609 2148 re
633 2082 798 2149 inferioris
820 2081 940 2170 gradus
967 2084 1079 2170 negari
1101 2096 1199 2175 atque

154 2170 295 2257 intelligi
311 2190 497 2255 numquam
518 2170 771 2241 commisissem,
819 2189 932 2232 rursus
959 2169 1099 2235 alienum
1128 2194 1199 2240 esre

155 2257 295 2322 uidetur.
337 2254 406 2319 lam
429 2254 565 2319 Haasius
583 2254 619 2319 in
639 2254 772 2343 Reisigii
791 2190 941 2319 gramm.
970 2276 1005 2340 p.
1039 2256 1114 2321 tto.
1143 2258 1199 2323 la-

155 2343 271 2429 quitur
292 2340 332 2405 de
350 2339 442 2419 locis,
463 2338 498 2403 in
520 2338 638 2425 quibus
658 2362 718 2439 per
743 2336 807 2403 sed
837 2336 1034 2425 adiungatur
1062 2340 1196 2431 aliquid.

154 2427 247 2514 quod
269 2422 368 2491 simul
391 2431 534 2513 corrigat
559 2435 616 2491 aut
638 2424 822 2489 distinctius
850 2427 1014 2510 exprimat
1041 2446 1089 2508 ee,
1112 2450 1198 2517 quae

156 2511 366 2591 antecedunt,
385 2532 457 2575 non
477 2521 590 2576 tamen
611 2530 675 2575 uua
696 2507 981 2599 comprehensum.

240 2598 311 2663 Nes
336 2616 412 2662 vero
434 2594 585 2684 expedita
603 2597 654 2661 via
674 2594 863 2661 incedamus
887 2592 961 2659 h'uc.
991 2592 1109 2660 Verbis
1128 2618 1198 2662 uon
1223 2672 1229 2679 ¹

155 2718 201 2736 -
224 2682 286 2747 sed
308 2692 528 2771 opponuntur
560 2681 644 2746 duae
669 2704 741 2760 res,
767 2700 908 2771 querum
939 2680 1040 2745 altera
1067 2680 1199 2749 tollitur

157 2768 335 2853 negatione
355 2776 387 2833 et
407 2777 600 2833 removetur
623 2766 663 2832 ab
692 2768 791 2833 altera
820 2788 881 2855 per
905 2766 1103 2853 particulam
1124 2766 1198 2833 sed.

157 2854 289 2919 Sallust.
315 2852 383 2942 Ing.
411 2858 484 2935 102,
513 2858 564 2919 12.
592 2876 630 2918 as
656 2876 731 2952 uon·
753 2851 871 2951 hastili
901 2851 1030 2930 anima,
1068 2852 1130 2951 sed
1156 2851 1198 2917 ab
1256 2864 1268 2885 ⁰

156 2935 905 3111 tttnltqll‘ttltttlt‘tttttttrdlt
922 2937 1200 3107 inimisit}

158 3111 248 3198 quod
272 3113 345 3199 quis
375 3131 445 3175 esee
471 3111 611 3199 cogitet,
644 3120 675 3173 et
696 3112 731 3175 in
754 3110 822 3174 eius
845 3108 957 3173 lacum
979 3108 1132 3173 succedat
1152 3106 1200 3190 id,

158 3197 251 3284 quod
275 3216 389 3261 verum
407 3206 473 3275 est,
494 3206 565 3261 tum
584 3195 723 3259 dicimus
737 3218 806 3260 nou
819 3194 922 3259 mario
937 3230 978 3243 -
992 3192 1066 3257 aed.
1111 3194 1199 3259 Nam

156 3282 263 3347 modo
284 3286 353 3345 ndn
369 3281 504 3369 proprie
520 3280 683 3369 significat
705 3302 787 3361 nur,
810 3280 899 3367 quod
924 3287 974 3344 est
994 3278 1121 3359 salum,
1140 3278 1200 3345 sed

156 3392 200 3434 eo
222 3367 323 3430 moda
344 3367 499 3455 perapsis
544 3376 636 3433 utet.-
658 3385 760 3449 quare
788 3365 855 3430 eius
876 3366 925 3430 vis
948 3365 982 3428 in
1004 3388 1073 3430 uara
1097 3365 1220 3430 mado·

157 3390 843 3623 teste:‘temulentiam
856 3450 1201 3605 attritur.

160 3586 336 3687 declara'vi.
390 3622 494 3719 Saepe
517 3646 587 3686 non
615 3620 717 3686 modo
749 3622 906 3687 Germani
936 3620 1080 3686 reddunt
1108 3624 1202 3687 nicht

160 3707 254 3782 eben,
275 3708 330 3772 sed
353 3706 460 3771 audiui
485 3709 584 3772 etium
609 3706 761 3771 homines
792 3707 833 3771 de
863 3706 960 3793 plebe
984 3708 1078 3794 loqui
1105 3708 1201 3773 nicltt

161 3796 198 3861 iu
223 3793 287 3858 der
307 3792 384 3861 Art.
426 3792 469 3857 Et
491 3814 593 3879 quam
627 3792 769 3857 alterum
796 3793 827 3858 ei
847 3792 1080 3869 substituatur,
1108 3794 1202 3880 qnod

162 3880 363 3965 cogitatione
392 3890 600 3951 removetur,
630 3877 692 3942 sed
723 3900 788 3965 pro
819 3878 882 3943 aad
903 3879 1024 3967 potius
1046 3878 1203 3965 accipiet

162 3965 256 4032 reddi
286 3974 399 4052 potest
425 3985 488 4052 per
515 3964 664 4029 sanctem
692 3963 861 4029 aielmelrr.
921 3965 1004 4031 Vide
1036 3964 1068 4028 T
1070 3988 1137 4028 um.
1166 3968 1201 4045 2,

161 4075 198 4141 p.
218 4051 294 4117 655.
318 4049 410 4115 ldem
432 4048 534 4116 voluit
551 4050 763 4129 Gauranum,
782 4068 887 4137 quum
909 4050 949 4115 od
966 4048 1035 4117 Cic.
1058 4049 1100 4112 de
1119 4050 1199 4135 Leg.

162 4145 196 4221 8,
220 4144 274 4223 11,
286 4128 347 4203 'au
369 4135 412 4202 de
432 4135 555 4207 maiori
575 4137 612 4205 ri
632 4136 669 4203 iu
694 4135 880 4203 amittenda
906 4134 1072 4205 vocobula
1093 4133 1202 4201 stium
