2662 4906
242 296 307 363 em
704 288 803 357 nter.
914 268 922 274 “

304 476 427 531 amaea
441 460 576 528 ῃίιφωιι
592 459 645 512 aiei
660 458 708 512 tiis
726 460 885 528 multonem
896 456 1070 528 scriptitarit,
1096 458 1206 513 etiamn
1218 461 1292 515 aete·

305 545 461 599 tutissime
473 561 501 597 sc
514 546 544 597 ia
557 543 599 596 lais
611 544 704 597 salitis
725 544 878 596 dictoribus
889 542 1041 606 emcncrit,
1057 551 1240 614 muter.

322 628 353 693 4.
381 628 549 695 Demade
566 627 835 692 verbicumm'ai
854 625 1023 691 coniuncti
1046 628 1202 715 perraria
1231 651 1289 694 ex-

239 720 327 781 stent
351 715 500 779 virorum
527 712 702 776 doctorum
726 722 918 800 praecepta,
951 711 1052 777 etiem
1077 712 1178 793 talia,
1233 737 1288 781 aaa

240 800 290 869 vel
316 798 555 888 proprietatem
581 797 732 861 vocabuli
762 797 833 861 nisi
855 820 925 862 noa
952 797 1031 862 attin
1057 808 1136 880 unt,
1176 738 1230 867 vd
1248 802 1287 866 ab

169 912 175 921 ·
240 886 335 963 omni
360 887 489 950 ratione
505 882 692 946 abhorrent.
735 881 772 945 ln
792 882 1020 969 exceptionei
1052 932 1062 962 ,
1094 906 1115 949 a
1137 904 1207 972 quo
1230 886 1285 953 ali·

240 971 320 1060 quid
344 971 514 1057 excipitur,
533 988 593 1055 per
609 990 644 1030 se
660 978 798 1047 canstat,
814 969 973 1054 ideoque,
1002 969 1065 1033 nisi
1079 970 1216 1035 aliunde
1233 995 1283 1036 ac-

82 1120 85 1127 .
125 1124 131 1139 ,
221 1057 328 1123 -aedtt
343 1054 404 1119 alia
422 1075 550 1135 caussa,
565 1074 632 1151 per
645 1052 858 1117 indicativum
879 1051 1135 1141 significandum
1158 1068 1227 1121 este
1254 1057 1282 1122 id

240 1154 370 1215 eutem,
394 1139 485 1226 quod
502 1139 681 1225 excipitur,
693 1150 759 1202 aaut
771 1140 806 1203 in
822 1160 934 1203 rerum
953 1151 1068 1204 natura
1086 1143 1282 1229 conspicitur

240 1238 379 1303 eertum,
394 1236 451 1290 aut
468 1225 666 1310 cogitatione
681 1224 866 1312 concipitur
881 1246 950 1289 esse
967 1232 1078 1311 poseei
1114 1227 1190 1291 Hoc
1209 1251 1280 1292 coa·

238 1312 421 1381 iunctlvum
446 1312 603 1397 requirit,
640 1308 721 1373 illud
749 1310 973 1375 indicativum.
1024 1314 1140 1397 Atque·
1159 1313 1216 1379 ubi
1233 1337 1279 1379 res

240 1420 315 1465 cum
333 1396 473 1483 quadam
489 1394 709 1460 allirmatiaac
725 1406 758 1459 et
774 1406 864 1461 certo
881 1396 1002 1461 iudicio
1021 1397 1145 1463 dicitur
1160 1420 1217 1487 per
1227 1400 1278 1463 in-

239 1485 430 1555 dicativum,
446 1481 490 1546 ibi
508 1479 608 1559 illud,
630 1478 741 1567 quod,
761 1483 789 1546 ei
810 1482 950 1558 ineidat,
973 1483 1217 1549 restrictionem
1231 1485 1276 1549 ai-

239 1570 329 1637 ferre
355 1577 482 1654 potest,
506 1576 677 1651 tamquam
701 1587 742 1630 ex
765 1568 964 1655 cogitatione
981 1588 1057 1631 curn
1073 1570 1276 1635 coniunctim

239 1654 391 1722 additur:
419 1650 477 1715 ubi
501 1652 657 1716 Germani
683 1650 797 1716 dicunt
818 1675 854 1718 es
869 1648 993 1740 miisite
1008 1653 1101 1717 dean
1114 1678 1207 1729 seru.
1244 1656 1276 1721 ld

238 1740 435 1831 plerumque
453 1735 506 1814 fit,
529 1737 659 1823 quando
674 1738 804 1824 negatio
827 1739 989 1825 praecedit
1015 1749 1114 1825 atque
1142 1727 1276 1806 affirma·

237 1838 296 1892 tur
321 1824 363 1889 ali
390 1844 466 1886 uam
493 1844 565 1885 rem
589 1844 660 1887 non
684 1844 781 1909 posse
805 1820 894 1888 fieri:
917 1835 1002 1887 certe
1024 1825 1153 1906 Cicero,
1173 1827 1275 1893 Caesar

240 1848 456 1997 aliiquelsoai
473 1909 649 1994 scriptores
668 1930 801 1995 semper
824 1920 880 1973 aut
897 1909 1145 1975 coniunctivum
1162 1912 1243 1977 autf
1259 1952 1275 1963 -
1311 1948 1315 1985 ι

236 2008 351 2063 turum
366 2014 491 2083 ponere
506 1992 666 2056 solebant.
694 1993 747 2057 Cf.
759 1994 939 2081 Wopkens
955 1994 1147 2064 Lect.Tull.
1163 2020 1197 2085 p.
1209 2000 1274 2063 406.
1313 1998 1316 2049 ἷ

239 2086 340 2173 (804.)
396 2078 462 2146 Ubi
485 2101 545 2164 per
568 2079 639 2142 nisi
654 2079 748 2226 paracl
771 2079 940 2158 adiicitur,
986 2080 1076 2168 quod
1099 2080 1275 2150 antedicta
1313 2088 1316 2097 '

239 2163 422 2235 coercendo
441 2163 594 2249 corrigit,
617 2165 649 2227 ia
678 2164 793 2229 icatiro
810 2176 858 2229 eat
875 2166 980 2230 locus.
1017 2164 1184 2255 Exempla
1214 2169 1275 2235 title
1313 2188 1317 2247 1

237 2253 335 2323 infra.
353 2248 492 2316 Librarii
507 2270 549 2311 ex
560 2269 620 2313 sua
631 2271 725 2313 more
742 2250 1084 2336 saepesubstituerunt
1098 2256 1274 2321 coniuncti·
1315 2302 1318 2321 ,

237 2360 330 2406 eum.
353 2335 408 2399 vd.
432 2334 614 2398 Burmann.
637 2334 677 2397 ad
703 2334 822 2400 Lucan.
844 2342 877 2413 e,
898 2341 976 2402 862.
999 2336 1147 2404 Dubium
1170 2351 1226 2421 est,
1239 2364 1273 2405 aa
1315 2332 1319 2405 l

237 2420 381 2490 Velleius
396 2420 465 2484 Pet.
483 2422 623 2497 1,18,8.
641 2420 828 2506 scripserit:
850 2444 937 2509 qrtuc
959 2420 1056 2486 rtrbes
1074 2436 1217 2491 cunctae
1234 2426 1275 2490 li-

236 2506 404 2575 lreralium
421 2500 613 2568 stradiorum
619 2501 722 2593 suere
736 2506 879 2589 steriles,
894 2508 964 2573 nisi
980 2505 1113 2576 llaebas
1129 2532 1233 2577 naam
1244 2534 1276 2576 0,

237 2590 391 2661 Pindari
415 2588 640 2658 illuminaret.
1090 2616 1097 2641 .,

337 2693 427 2747 Plaut.
447 2691 525 2760 Gapt.
543 2691 569 2756 2,
586 2691 612 2755 1,
635 2686 679 2741 26.
694 2706 758 2742 nam
773 2690 827 2742 doli
843 2708 893 2743 aaa
907 2693 961 2745 doli
975 2701 1048 2758 caat,
1065 2696 1119 2749 aiei
1132 2703 1195 2752 aete
1207 2700 1276 2764 colea
1317 2692 1321 2767 l

302 2779 348 2834 aed
375 2778 475 2830 malam
499 2778 658 2838 maximam,
682 2775 706 2827 si
725 2775 757 2826 id
781 2776 872 2843 palam
890 2780 1014 2846 prouenit·
1052 2778 1110 2834 cta.
1123 2781 1161 2834 de
1177 2783 1277 2851 Beni,
1319 2778 1321 2811 ¹

300 2864 328 2929 θ,
341 2863 384 2917 lt).
400 2880 450 2913 noa
474 2860 560 2929 igitar
583 2867 696 2931 potestas
719 2867 756 2912 eet
776 2878 808 2912 cs
828 2867 942 2930 tempore
954 2870 1001 2914 ant
1018 2881 1098 2931 qaam
1113 2868 1188 2932 aelia,
1201 2870 1279 2937 optra-

301 2948 378 3003 laatli
397 2945 435 2999 rei
454 2945 590 3014 publicae,
617 2945 733 3013 manvia
754 2961 786 2998 ca
810 2954 947 3016 prematur
966 2950 1107 3018 periculis,
1122 2951 1177 3005 aiei
1190 2968 1218 3006 ea
1230 2955 1280 3007 less

209 3060 215 3065 ·
302 3035 349 3096 ais,
367 3038 394 3083 at
409 3030 460 3082 tili
480 3030 507 3080 id
521 3032 613 3094 secere
627 3030 713 3081 liccat.

335 3116 429 3171 Plant.
438 3112 516 3164 Tria.
525 3112 551 3177 2,
560 3112 586 3177 t,
595 3110 654 3165 114.
661 3114 740 3182 plana
749 3113 882 3181 periimus,
897 3114 949 3166 aiei
960 3117 1023 3184 qairl
1034 3133 1085 3186 ega
1100 3118 1281 3173 comminiscar.

302 3202 364 3259 Mil.
377 3200 404 3264 2,
420 3196 447 3263 5,
464 3195 508 3248 43.
528 3204 553 3250 te
575 3214 700 3267 naamam
715 3198 833 3263 mittam,
851 3199 904 3249 nisi
918 3201 966 3251 das
974 3204 1115 3268 firmatam
1123 3206 1220 3271 fidem.

337 3288 416 3339 caea.
441 3282 513 3335 Bell.
536 3280 588 3334 civ.
612 3282 639 3347 8,
664 3280 708 3335 44.
731 3299 810 3350 neque
835 3283 997 3338 munitiones·
1014 3287 1134 3341 Caesaris
1150 3288 1280 3358 prohibere

296 3358 414 3445 peterat,
431 3367 482 3420 nisi
502 3368 600 3436 proelio
627 3368 757 3420 decertare
780 3367 865 3432 uellet,
888 3369 956 3436 qaod
978 3388 1008 3423 ce
1030 3376 1279 3440 temporariam

299 3474 353 3512 acea
370 3469 422 3506 esre
434 3452 594 3519 faciendam.
610 3448 628 3502 i.
643 3466 668 3503 e.
685 3456 846 3520 excopiose,
864 3451 954 3505 si...=
976 3470 1003 3505 cs
1016 3457 1113 3520 mifstc
1130 3456 1203 3509 dean
1216 3472 1279 3523 m

301 3545 371 3609 dass.
387 3536 469 3604 idque
483 3534 516 3585 tle
534 3550 584 3599 re,
601 3553 671 3604 qaae
687 3542 792 3590 tantum
807 3535 954 3605 cogitatur,
975 3537 1084 3591 dicitur.
1105 3536 1165 3591 cie.
1182 3538 1278 3591 ialin.

300 3626 328 3692 ὃ,
341 3624 385 3678 21.
402 3638 447 3674 acc
466 3620 580 3672 iustitiae
591 3637 636 3673 acc
650 3622 781 3674 amicitiae
795 3636 849 3673 essa
863 3622 966 3673 omnino
977 3629 1120 3690 poteraut,
1142 3625 1196 3676 aiei
1209 3624 1279 3693 ipsae

302 3728 351 3783 per
368 3726 395 3761 se
411 3703 608 3774 exporuarunt,
628 3704 672 3771 31,
693 3703 754 3757 lttt.
770 3723 821 3757 noa
835 3706 937 3774 patuit,
955 3705 1068 3777 inquies,
1087 3708 1154 3774 steri
1168 3710 1280 3778 emicas,

296 3795 350 3853 uisi
365 3798 444 3846 stains
472 3797 541 3842 met.
576 3788 611 3842 de
636 3791 706 3859 nep.
726 3788 753 3853 1,
772 3787 816 3855 88,
833 3786 877 3842 lill-
892 3791 962 3858 quad
984 3790 1106 3859 quiden,
1131 3792 1186 3845 nisi
1203 3810 1281 3848 Μ

297 3883 341 3944 eit,
355 3894 407 3931 mc
421 3874 522 3926 nullam
533 3881 626 3944 potest.

333 3971 393 4025 Gie-
409 3967 445 4021 tul
465 3968 543 4021 Fam.
558 3966 591 4030 2,
609 3965 652 4032 15,
666 3965 693 4018 t.
709 3983 769 4038 ega,
784 3967 837 4020 nbi
849 3969 911 4036 qaid
926 3984 969 4020 raa
985 3968 1089 4021 Etesiae
1104 3970 1282 4035 morabantur,

295 4057 421 4118 acloeitcr,
437 4057 466 4104 al
480 4067 562 4119 spero,
578 4069 621 4104 aas
636 4052 732 4106 videbe
765 4051 808 4118 11,
827 4051 871 4117 itt,
889 4052 915 4104 Ἰ.
929 4069 955 4117 p.
974 4053 1082 4106 Claeat.
1096 4052 1124 4120 2,
1144 4053 1175 4111 6.
1193 4072 1284 4110 ηοω

298 4142 413 4198 tauteus·
428 4138 590 4203 autenm,
607 4137 658 4190 aiei
672 4135 715 4192 tta
729 4153 761 4191 ct
775 4136 840 4207 ipsis
852 4138 950 4191 cam
960 4138 1143 4193 indicabimus.
