2662 4906
660 288 861 359 PENlTVS.

240 509 243 516 .
303 468 393 539 spur.
413 466 439 537 1,
460 462 505 529 1⁰,
526 462 553 516 2.
569 463 637 517 Mne
656 480 708 535 epe
730 464 759 515 ln
780 461 858 531 Syrio
874 486 909 499 ·-
934 459 1039 528 penite·
1056 466 1083 513 et
1103 458 1181 513 tlenri
1195 456 1289 529 imperi

238 601 243 610 .
303 552 332 619 4,
349 552 392 617 lt,
409 551 436 605 t.
454 552 523 605 ru.
540 547 584 613 88,
601 550 629 601 1.
647 547 691 613 15,
701 548 729 602 1.
748 555 779 601 ert
792 550 838 601 elio
852 546 958 615 peritur
969 546 1148 614 patinara,
1167 560 1233 612 w
1244 562 1291 599 ιη

218 660 223 669 ·
247 670 271 692 ·.-
303 640 454 711 praecipere
466 638 576 689 deterre.
594 631 684 686 Tacit.
700 631 814 697 ium,
835 630 878 683 12.

342 730 400 785 (lie.
416 730 444 781 in
459 728 535 779 i'err.
548 728 575 789 2,
588 726 632 789 to,
647 726 706 778 lou.
725 728 769 795 qui
780 752 817 765 —-
833 726 893 777 lene
904 724 1005 791 peritur
1032 722 1064 776 ire
1078 722 1290 787 111111111ιῆ-

238 857 263 870 ·.
303 816 412 871 ritatem
428 832 482 865 rere
502 815 583 865 deute.
618 812 686 864 l'itle
702 810 782 863 Tum.
798 810 825 862 2.
847 827 873 877 p.
891 805 919 861 4.
938 810 1026 861 Recte
1046 806 1140 861 remit
1159 804 1290 873 Zumptirr

304 899 428 954 attritam
445 900 503 949 bene
518 913 570 948 non
586 911 665 965 porro
680 894 804 949 excusari
819 893 873 946 nini
891 891 944 945 ioei
968 894 1092 946 nomino.
1121 888 1220 945 'raeti
1237 894 1290 961 Agr.

303 982 348 1037 1οζ
366 982 574 1051 tranquillitatem
590 988 667 1048 atque
682 982 760 1035 olium
773 982 874 1050 penitae
889 980 971 1032 aurit.

239 1137 256 1169 ··-
320 1122 354 1183 7.
381 1114 521 1201 Proprie
543 1114 624 1179 haee
672 1114 805 1180 articula
834 1115 1051 1198 coniungitur
1075 1132 1163 1175 eum
1186 1110 1289 1191 verbis,

237 1221 322 1293 quae
340 1198 526 1287 significant
543 1138 670 1287 aliquii¹
683 1200 754 1267 fieri
776 1224 816 1265 ex
839 1201 957 1267 intimo
977 1200 1109 1262 animo.

242 1321 245 1330 ’
338 1312 397 1382 cte.
411 1310 445 1361 nti
462 1310 538 1365 Fam.
553 1312 596 1377 lli,
610 1311 638 1377 8,
654 1310 681 1365 2.
706 1320 731 1365 te
742 1314 842 1382 penitae
854 1328 928 1381 rogo.
941 1308 985 1375 18,
1001 1308 1049 1375 ⁵³,
1066 1308 1095 1361 1.
1119 1326 1181 1362 enm
1195 1310 1288 1379 tilipe·

304 1398 532 1452 nitereonrnreurlo
551 1404 629 1465 etque
643 1400 732 1450 trado.
770 1396 868 1449 Horat.
891 1394 982 1446 crrrrn.
1003 1394 1031 1458 1,
1055 1392 1105 1456 21,
1131 1392 1160 1445 3.
1173 1395 1241 1447 Μία
1255 1421 1287 1434 -

259 1485 271 1501 '¹
306 1484 437 1537 Monuni
451 1496 572 1549 repremo
584 1481 704 1533 dilertm
719 1483 820 1550 penitae
834 1482 895 1532 leui.
918 1478 1006 1532 Tacit.
1031 1478 1108 1531 Ann.
1136 1476 1161 1544 1,
1180 1476 1220 1530 52
1239 1496 1287 1531 rre-

304 1566 418 1621 nrreoit
436 1590 467 1603 -
491 1566 582 1634 magle
604 1566 634 1615 in
657 1566 764 1634 rpeeiern
787 1566 869 1618 tertie
887 1566 1019 1617 adornato
1044 1582 1130 1634 paam
1154 1570 1186 1615 et
1202 1566 1288 1633 peritur

277 1648 280 1656 '
303 1652 397 1705 rentire
413 1649 568 1702 crederetur.
602 1648 681 1701 cart.
698 1650 725 1716 8,
742 1650 768 1717 3,
783 1648 811 1706 6.
830 1649 933 1718 penitere
946 1651 1059 1703 terrerem
1083 1666 1167 1703 arear
1182 1649 1287 1715 ¹tretilir

304 1734 478 1807 promentium
494 1749 614 1785 oeream
630 1740 676 1786 ert.
885 1742 888 1748 '

239 1548 248 1591 l

239 1906 260 1919 ..
320 1854 350 1915 8.
376 1851 488 1915 Vellei.
500 1852 568 1915 Pat.
579 1856 610 1925 2,
622 1854 676 1931 27,
688 1858 715 1914 t.
733 1847 875 1914 Pontiae
889 1848 1067 1915 Telesinus
1082 1888 1123 1900 -
1147 1850 1206 1916 vir
1220 1852 1288 1915 oni·

236 1934 287 2001 mi
304 1931 445 2023 bellique
456 1930 672 2024 fortissimus
692 1936 890 2023 penitusque
912 1959 1057 2001 romono
1082 1938 1219 2001 nomini
1235 1938 1287 2001 in·

228 2020 463 2118 sietiueimua
482 2021 528 2084 ud
553 2022 632 2085 trare
650 2020 886 2086 Ruhnkeniue:
909 2026 1004 2108 „quis
1027 2044 1191 2108 umquam
1213 2046 1287 2109 pro·

237 2114 292 2172 r'ae
309 2106 469 2172 orationis
492 2105 691 2213 soriptprum
703 2108 853 2193 penitus,
875 2118 930 2171 aut
945 2108 1067 2171 similia
1084 2129 1165 2171 enm
1182 2130 1286 2195 euper-

235 2176 336 2276 iiiiro
359 2188 493 2257 iunxit?
513 2193 556 2255 Pr
606 2192 689 2257 'ertio
711 2204 743 2254 ut
758 2204 874 2281 poetae
894 2193 982 2258 licuit
999 2193 1146 2259 fortasse
1159 2215 1286 2281 eompa-

235 2277 342 2363 'ra'tiro
365 2280 512 2365 iungere,
536 2206 679 2353 nisime
696 2278 817 2342 librarii
841 2276 969 2362 fallupt.
996 2280 1285 2358 1,16‚1t.,iuuua

235 2359 295 2459 pit
313 2362 456 2430 ilomino
472 2363 613 2449 penitus
634 2364 805 2428 crudelior
827 2363 940 2451 ipre.⁴‘
977 2364 1124 2443 Librorii
1144 2385 1213 2431 non
1229 2363 1283 2431 fat-

234 2447 320 2543 lpa't',
350 2472 410 2513 nee
443 2448 613 2537 probanda
638 2458 685 2512 eat
714 2450 899 2513 coniectura
925 2449 1160 2525 Roeenhevnii
1187 2454 1280 2541 'geni-

234 2529 363 2622 trieque,
391 2556 450 2597 nee
478 2531 805 2619 apud'Propertium
839 2534 981 2599 Paldami
1013 2525 1167 2601 timialia.
1208 2538 1278 2602 Nam

233 2620 371 2707 penitus
393 2642 454 2707 por
479 2642 514 2681 se
538 2630 666 2682 constat
691 2620 725 2682 iu
748 2631 888 2707 utroque
910 2620 986 2685 loeo
1010 2622 1203 2709 significans
1220 2623 1277 2687 imo

235 2717 336 2793 atque
360 2717 431 2770 toto
448 2705 584 2781 animo,
618 2704 725 2769 drurclu
748 2706 821 2769 und
848 2708 965 2771 clrurrlr.

316 2820 348 2881 9.
373 2816 479 2879 Aliam
498 2816 647 2879 adverbii
665 2814 805 2878 [ortuum
822 2818 947 2901 penite,
969 2838 1053 2903 quae
1070 2820 1160 2906 opud
1178 2822 1275 2886 Catul-

233 2900 304 2964 lum
319 2902 439 2985 legitur
453 2906 504 2978 61,
526 2907 596 2966 176.
619 2901 756 2965 illinon
778 2904 889 2965 rniuue
908 2902 1037 2970 ocltilri
1054 2920 1195 2991 pectore
1217 2910 1275 2971 uri-

233 2993 290 3050 tur
304 2988 425 3053 intimo
438 2987 603 3074 fluuuuu.
628 2986 690 3049 ueri
705 2989 822 3070 penite
841 2990 968 3075 nrugie,
987 2994 1101 3076 negari
1128 3016 1194 3057 non
1221 3019 1275 3080 po·
1322 3039 1325 3069 u

231 3083 294 3136 test
314 3086 442 3139 exstare
463 3073 495 3135 iu
512 3072 652 3157 anitiquis
669 3071 771 3154 libris,
790 3095 898 3160 neque
914 3098 951 3139 eo
966 3076 1000 3139 in
1015 3100 1051 3141 ee
1068 3076 1179 3161 habet,
1198 3081 1275 3166 quod

231 3160 505 3246 reprehendatur.

318 3283 368 3341 10.
394 3275 646 3359 comparativus
659 3277 823 3361 penitius,
841 3274 938 3359 quem
955 3283 1138 3367 scriptores
1153 3294 1273 3347 nostrae

231 3362 343 3434 aetatis
368 3382 464 3446 saepe
489 3371 658 3443 usurpant,
690 3362 778 3425 utilia
803 3364 935 3429 ‹lei'enrli
959 3379 1065 3449 potest
1092 3371 1273 3433 auctoritate

230 3450 380 3531 antiquar
405 3468 463 3509 uec
480 3456 678 3509 tamencum
697 3449 889 3533 Spaldrnpio
907 3453 940 3514 in
959 3452 1074 3517 Museo
1091 3455 1194 3540 antiq.
1211 3454 1231 3517 Ι.
1250 3464 1273 3519 1.

229 3556 263 3619 p.
289 3537 340 3595 92.
368 3555 428 3595 uec
454 3552 528 3594 curn
554 3532 695 3618 Reisigio
715 3536 897 3599 Grarnurat.
916 3560 948 3621 p.
973 3542 1045 3602 174.
1065 3541 1207 3604 dixerim
1223 3540 1272 3603 ab·

229 3617 363 3681 eurrlarn
382 3638 451 3680 esre
469 3616 552 3679 hano
569 3616 710 3681 sormam
731 3620 891 3697 vocabuli,
917 3625 1004 3706 quod
1024 3628 1198 3689 conveniat
1213 3649 1271 3711 po-

229 3704 294 3766 tius
326 3725 400 3765 curn
427 3702 598 3766 vocabulis·
626 3703 796 3768 radicitus
827 3718 857 3769 et
876 3702 1051 3793 *stenditur
1100 3712 1272 3775 Priscianus

229 3789 318 3853 enim
345 3794 374 3852 3.
401 3810 434 3872 p.
456 3791 527 3853 599.
551 3800 631 3853 unte
656 3791 819 3861 urrzterior.
839 3793 975 3877 penitus
990 3798 1154 3878 penitior.
1175 3798 1273 3881 Apul.

229 3874 267 3937 in
290 3880 320 3937 1.
348 3872 607 3959 Hermagorae:
651 3874 686 3935 V
688 3877 756 3937 ioue
781 3890 830 3941 eat
860 3879 892 3941 ei
917 3879 1117 3946 arioleeeene
1140 3883 1276 3958 honesta

221 3956 355 4046 formo,
378 3960 477 4045 quernei
492 3959 541 4021 acl
555 3960 695 4045 nuptiae
713 3974 905 4031 exorantur.
920 3968 1057 4031 trulrere
1073 3993 1111 4032 ae
1129 3970 1165 4032 in
1178 3970 1275 4054 peni·

230 4045 351 4109 tiorem
363 4056 501 4129 purtem
516 4044 646 4108 dantur.
692 4046 734 4109 lit
755 4051 860 4133 potuit
873 4052 1023 4134 penitius
1044 4053 1126 4134 diei,
1158 4076 1275 4139 exque

230 4130 427 4196 vocabulum
441 4130 482 4197 de
500 4129 676 4217 profundis
691 4131 789 4201 rebue
805 4138 956 4223 usrrrpari
971 4140 1094 4227 eoepit.
1125 4137 1274 4229 Prosun-
